3509 5292
732 542 943 603 -51..

250 716 336 779 diese
359 718 452 781 keine
476 718 554 781 iiber
577 720 618 781 80
638 718 735 781 Jahre
757 717 926 780 reichende
944 716 1053 781 Dauer
1075 718 1177 780 haben
1202 718 1336 780 konnen.
1375 716 1424 779 Ita
1506 791 1509 795 ι

247 827 348 905 igitur
380 826 407 886 si
439 825 584 907 legimns,
616 846 635 886 a
667 825 857 906 „sententia“
891 825 1007 906 pendet
1038 824 1216 887 infinitivus
1239 824 1373 905 „reddi“,
1406 843 1425 884 a

249 933 493 1013 „pronuntiant‘
516 932 674 1013 „durare“,
699 939 793 1013 atque
813 933 970 1014 „partem“
989 933 1105 1014 optime
1125 932 1242 993 dicitur
1259 932 1305 993 rei
1324 930 1425 1012 ipsius

250 1057 354 1117 causa,
387 1040 462 1120 qnia
492 1058 556 1100 non
581 1045 646 1100 tota
669 1058 801 1119 summa,
833 1058 916 1120 quae
941 1038 1063 1121 reliqua
1086 1044 1141 1117 est,
1170 1038 1224 1101 sed
1255 1056 1328 1119 pars
1358 1035 1425 1098 sola

250 1146 322 1206 eius
350 1146 456 1207 vicino
486 1144 589 1207 danda
617 1149 671 1207 est.
718 1144 832 1227 Neque
861 1148 895 1207 in
920 1145 1088 1208 verborum
1116 1164 1242 1208 conexu
1271 1163 1351 1227 opus
1380 1148 1426 1205 est

250 1250 411 1313 offendere
434 1251 518 1333 apud
543 1252 736 1332 Vitruvium,
764 1254 881 1334 quippe
905 1253 961 1335 qui
984 1253 1139 1315 sermonis
1163 1251 1303 1333 vulgaris
1327 1251 1425 1332 scrip-

252 1364 303 1419 tor
325 1358 373 1420 sit.
420 1357 472 1421 Sic
495 1359 592 1440 igitur
616 1377 660 1439 ea,
685 1377 767 1439 quae
791 1358 960 1421 Vitruvius
979 1359 1084 1421 dicere
1106 1357 1183 1437 vult,
1206 1359 1308 1440 magis
1333 1358 1426 1419 etiam

252 1464 392 1526 dilucida
415 1471 516 1527 erunt.
563 1464 657 1527 Recte
681 1466 774 1527 etiam
794 1465 897 1546 habet,
921 1466 1006 1548 quod
1027 1466 1065 1527 de
1090 1465 1250 1545 „arbitris‘
1273 1463 1426 1546 loquitur,

250 1590 323 1633 cum
356 1570 432 1634 alias
462 1592 546 1634 unus
576 1577 700 1633 tantum
731 1572 848 1635 arbiter
879 1574 1028 1635 constitui
1056 1573 1161 1635 soleat.
1208 1570 1335 1635 Etenim
1363 1573 1426 1635 iam

252 1679 429 1760 antiquitus
471 1680 588 1741 actioni
624 1678 737 1741 finium
774 1679 990 1761 regundorum
1028 1685 1091 1741 tres
1128 1679 1238 1741 arbitri
1276 1680 1426 1742 constitui

251 1784 405 1866 solebant,
417 1787 468 1861 197)
493 1792 588 1868 atque
611 1786 715 1849 simile
739 1786 815 1868 quid
841 1791 979 1849 statuere
1001 1785 1109 1848 licebit
1133 1786 1313 1866 inhaere,
1346 1804 1427 1868 qnae

253 1900 283 1952 et
307 1893 374 1973 ipsa
398 1893 633 1975 quodammodo
658 1892 696 1954 ad
720 1891 800 1955 fines
823 1892 1008 1975 pertinebat.

342 1997 391 2061 De
415 2001 433 2081 ᾖ
459 2001 564 2062 9-17
590 1999 839 2078 Nissenns¹⁹⁸l
862 2001 907 2061 ita
931 1999 1060 2061 indicat:
1086 1998 1146 2061 Die
1165 2000 1257 2081 lange
1277 1998 1427 2080 Lobrede,

254 2104 305 2167 die
328 2105 443 2167 Vitruv
469 2106 501 2167 Π
526 2108 554 2186 8,
580 2108 685 2168 9-17
712 2106 782 2167 dem
807 2106 876 2168 Bau
900 2107 959 2168 mit
981 2104 1179 2188 Lnitziegeln
1202 2106 1278 2185 halt,
1310 2109 1351 2169 ist
1374 2107 1425 2168 ein

252 2210 340 2273 Echo
372 2232 430 2274 aus
460 2213 679 2294 griechischen
705 2210 854 2286 Quellen:
888 2212 1104 2294 merkwiirdig
1127 2212 1272 2294 zugleich
1301 2213 1354 2274 fiir
1378 2213 1428 2275 die

253 2317 431 2382 silavische
455 2318 692 2401 Athangigkeit
722 2319 778 2381 des
803 2318 936 2381 Mannes
966 2339 1030 2381 von
1059 2320 1166 2381 seinen
1196 2317 1330 2393 Qnellen
1361 2319 1428 2381 und

252 2413 313 2486 fiir*
335 2426 385 2489 die
410 2426 673 2489 Beschranlrtheit
703 2428 806 2489 seinos
831 2426 946 2507 Bliclrs,
977 2445 1071 2488 wenn
1095 2446 1170 2487 man
1194 2426 1339 2506 bedenkt,
1367 2425 1427 2488 dass

253 2551 290 2594 er
314 2584 319 2595 .
340 2582 372 2594 ..
398 2534 448 2596 die
480 2539 584 2596 ersten
608 2532 833 2615 Schbplnngen
866 2534 921 2596 des
945 2533 1213 2596 Backsteinbanes
1244 2533 1344 2595 erlebt
1367 2534 1427 2596 hat.

254 2638 344 2713 Quae
372 2640 411 2702 de
438 2640 580 2703 lontibus
610 2640 738 2703 Graecis
771 2641 855 2721 dicit,
888 2642 998 2722 procul
1032 2640 1128 2702 dubio
1162 2645 1313 2722 poterunt
1345 2660 1429 2702 com·

254 2747 394 2829 probari3
425 2768 497 2809 nam
522 2754 553 2810 et
576 2748 630 2809 illa
656 2747 783 2810 Graecis
811 2747 994 2809 auctoribus
1023 2746 1131 2809 deberi
1156 2745 1358 2808 manifestum
1383 2753 1430 2809 est

254 2861 287 2915 et
311 2872 357 2933 ea,
382 2873 464 2935 qnae
483 2862 575 2917 antea
595 2856 613 2936 ς
634 2856 720 2916 5-8
745 2856 900 2936 exposuit,
925 2855 1068 2935 exeeptis
1087 2854 1140 2934 eis,
1165 2871 1247 2934 quae
1271 2854 1310 2915 de
1333 2853 1430 2916 rebus

255 2959 406 3023 Romanis
436 2961 558 3023 addidit
586 2961 625 3023 de
648 2980 706 3024 suo
731 2963 770 3043 (p.
795 2963 846 3042 48,
872 2963 995 3038 8-143
1026 2964 1067 3021 22
1092 2980 1144 3043 sq3
1173 2980 1202 3042 p.
1227 2961 1278 3039 49,
1305 2961 1344 3022 13
1369 2963 1429 3042 sq).

255 3065 372 3129 Contra
402 3069 512 3130 ultima
536 3066 666 3129 Nisseni
697 3068 793 3129 verba
824 3068 989 3150 paululum
1021 3068 1207 3149 corrigenda
1238 3085 1307 3129 esse
1337 3086 1428 3149 spero

254 3174 322 3235 fore
346 3181 382 3236 ut
404 3175 462 3235 hac
486 3174 705 3237 dissertatione
728 3181 882 3256 appareat.

345 3279 491 3343 Dubitari
524 3300 590 3342 non
622 3286 732 3363 potest,
775 3282 850 3362 quin
887 3279 1057 3342 Vitruvius
1095 3281 1123 3343 h.
1155 3280 1174 3341 l.
1208 3280 1359 3363 loquatur
1391 3280 1430 3342 de

256 3387 444 3449 latericiis
477 3389 697 3466 structuris,
730 3406 793 3449 non
827 3386 866 3449 de
898 3388 1057 3464 testaceis3
1098 3388 1195 3469 igitur
1226 3391 1431 3449 monumenta

257 3513 386 3575 quoque
417 3494 478 3576 illa,
509 3513 590 3577 qnae
620 3493 719 3573 affert,
749 3512 766 3555 e
796 3493 949 3556 lateribus
971 3493 1055 3555 facta
1078 3499 1174 3572 erant,
1205 3498 1300 3574 atque
1324 3495 1429 3573 miror,

258 3601 342 3681 quod
361 3601 509 3663 nonnulli
527 3603 587 3664 viri
604 3601 689 3663 docti
705 3620 777 3663 eum
794 3601 821 3661 h.
832 3599 941 3662 lialso
958 3600 1251 3678 intellexerunt.¹⁹⁹)
1275 3599 1430 3681 Exempla

256 3725 333 3769 vero
357 3706 549 3770 Vitruviana
573 3708 736 3771 Graeciam
761 3708 810 3769 vel
835 3708 947 3768 Asiam
978 3707 1132 3767 minorem
1157 3711 1301 3788 spectant
1326 3724 1430 3788 neque

257 3815 515 3895 interpretatione
538 3821 630 3895 egent
653 3816 680 3876 h.
699 3813 719 3875 l.
738 3818 862 3896 praeter
885 3831 986 3874 unum
1010 3810 1199 3874 Romanum.
1237 3811 1322 3874 Dicit
1345 3813 1429 3874 enim

257 3922 450 4002 (p.49,8sq)
474 3923 523 4002 „in
547 3920 639 3983 Italia
660 3923 784 3983 Arretio
808 3925 970 3982 vetustum
995 3920 1119 4002 egregie
1141 3919 1259 3981 factum
1283 3920 1430 3981 murum“

349 4060 409 4129 197)
430 4059 483 4114 Cic.
503 4061 535 4112 de
554 4058 620 4130 legg.
639 4059 654 4112 Ι
672 4060 714 4114 55.
752 4059 949 4113 Keller-Wach.
969 4059 1043 4112 Rom.
1058 4058 1220 4126 Zivilprozess
1239 4076 1264 4126 p.
1277 4059 1319 4111 34.
1333 4075 1358 4110 n.
1371 4058 1430 4114 107.

257 4131 395 4184 Leonhard
414 4132 441 4183 in
459 4132 604 4185 Wissowae
623 4131 708 4185 lexico
726 4131 740 4185 I
758 4131 807 4188 col.
827 4131 879 4185 689
898 4147 947 4200 sqq
965 4146 986 4187 s.
1005 4148 1030 4183 v.
1049 4130 1203 4184 aestimatio.

348 4203 409 4271 198)
429 4203 520 4271 Pomp.
540 4203 614 4258 utun.
633 4219 658 4270 p.
678 4202 721 4257 25.

348 4273 410 4342 199)
429 4274 511 4329 Recte
530 4274 645 4327 iudicant
662 4274 823 4327 Bliimnerus
841 4273 858 4329 l.
878 4273 895 4330 l.
914 4272 943 4326 ΙΙ
961 4291 986 4341 p.
1006 4272 1021 4326 9
1041 4291 1066 4325 n.
1085 4273 1110 4325 4.
1148 4272 1321 4341 Degeringius
1342 4290 1367 4341 p.
1387 4272 1431 4326 34.

259 4342 389 4398 Nissenus
407 4345 499 4414 Pomp.
519 4346 593 4399 stud
613 4362 638 4414 p.
657 4345 701 4399 25.
