3509 5292
796 500 1024 559 ·-or-

333 674 419 736 haud
450 695 552 757 pauca
583 676 696 748 inesse,
735 694 817 757 quae
851 679 924 737 ante
962 694 1079 736 annum
1117 675 1156 736 31
1196 675 1313 756 scripta
1350 692 1419 737 esse
1458 674 1507 735 vel

334 799 488 844 necesse
511 783 560 844 vel
586 782 798 844 verisimile
827 783 876 860 sit,
906 781 1028 864 reliqua
1057 781 1121 843 fere
1152 782 1258 842 omnia
1288 781 1343 842 illo
1368 787 1508 861 tempore

332 890 505 969 potuisse
528 888 623 951 scribi
644 906 742 970 quare
761 890 837 950 haec
857 907 984 971 quoque
1003 887 1057 949 illo
1076 894 1215 969 tempore
1235 906 1370 949 revera
1393 886 1508 967 scripta

301 1074 303 1077 Ι
332 1013 416 1057 esse
446 1014 567 1058 censeo.
619 994 711 1069 Quod
747 996 774 1057 si
804 1014 917 1057 verum
948 1001 1003 1074 est,
1036 1001 1166 1075 apparet
1192 992 1378 1055 Vitruvium
1408 998 1508 1055 totum

333 1102 399 1163 iere
422 1121 499 1184 opus
519 1122 612 1165 suum
633 1108 705 1164 ante
724 1122 750 1164 a.
767 1103 807 1164 31
828 1102 1004 1183 scripsisse3
1030 1118 1112 1182 quae
1135 1099 1325 1181 excipienda
1344 1118 1414 1162 esse
1433 1099 1509 1160 mihi

334 1210 483 1290 persuasi,
507 1211 652 1291 proximo
676 1210 776 1290 capite
799 1207 946 1270 tractabo,

763 1474 877 1558 Caput
900 1438 1081 1558 quartum.

339 1615 398 1711 lle
418 1616 478 1712 eis
499 1647 602 1737 qnae
622 1620 716 1735 post
731 1646 885 1710 annum
902 1613 951 1712 31
971 1616 1122 1734 scripta
1140 1614 1225 1711 sint
1243 1644 1414 1709 necesse
1435 1621 1510 1708 cst.

425 1815 474 1877 Ac
492 1815 631 1896 primum
651 1815 780 1895 quidem
803 1814 836 1874 in
855 1814 969 1875 harum
992 1831 1098 1875 rerum
1116 1830 1250 1873 numero
1270 1810 1416 1873 habenda
1436 1815 1512 1873 sunt

335 1940 378 1983 ea
412 1940 506 2003 quae
530 1920 727 1983 Vitruvius
761 1921 804 1982 de
838 1920 1012 1981 latericia
1045 1924 1239 1981 structura
1267 1918 1426 1998 exponit
1458 1917 1511 1999 (f.

336 2048 365 2110 p.
386 2028 447 2098 631.
495 2025 586 2101 Quod
610 2032 647 2090 ut
669 2026 841 2109 intellegas,
865 2027 959 2109 paulo
984 2025 1079 2087 altius
1101 2024 1272 2108 repetenda
1293 2029 1340 2086 est
1359 2025 1512 2105 quaestio.

338 2134 445 2196 Verba
470 2134 616 2215 Vitruvii‚
643 2133 682 2196 de
706 2134 823 2215 quibus
846 2152 896 2195 res
921 2140 967 2196 est
990 2135 1029 2214 (p.
1056 2134 1106 2213 52,
1132 2130 1274 2213 12—28)
1297 2130 1336 2192 ab
1361 2130 1512 2193 omnibus

337 2246 469 2303 tractata
492 2246 574 2322 sunt,
606 2242 661 2323 qui
692 2247 788 2303 artem
821 2253 850 2302 et
880 2239 967 2322 leges
991 2237 1178 2302 aedificandi
1201 2237 1361 2301 Romanas
1384 2239 1512 2319 penitus

336 2365 526 2429 cognoscere
550 2348 743 2410 studuerunt
765 2353 861 2429 atque
884 2346 923 2409 de
947 2347 1068 2408 ratione
1092 2351 1122 2407 et
1145 2345 1275 2407 materia
1293 2343 1513 2407 aedificiorum

336 2453 442 2516 fusius
466 2454 719 2535 disputaverunt3
745 2454 784 2516 ad
809 2473 888 2537 quos
912 2454 971 2536 ergit
993 2453 1118 2534 saepius
1141 2449 1388 2533 provocandum.
1398 2453 1422 2530 1)

428 2560 600 2642 Postquam
626 2558 758 2623 Romani
789 2562 822 2623 in
851 2560 931 2623 urbe
961 2558 1104 2621 aedificia
1133 2558 1237 2640 lignea
1259 2556 1310 2619 vel
1333 2558 1511 2620 arundinea

338 2671 370 2728 et
394 2669 575 2729 stramentis
599 2673 679 2729 tecta
709 2673 873 2730 exstruere
905 2668 1067 2729 desierunt
1093 2672 1123 2727 et
1146 2663 1185 2726 ad
1208 2664 1389 2727 solidiorem
1414 2670 1513 2727 struc-

339 2780 444 2835 turam
467 2772 623 2856 lapideam
647 2782 678 2837 et
700 2774 872 2837 latericiam
896 2773 1291 2855 transierunt-primum
1315 2772 1375 2832 hoc
1393 2770 1513 2833 factum

339 2881 443 2942 estin
466 2880 535 2943 vico
555 2881 655 2945 Tusco
679 2917 723 2926 -
746 2887 842 2962 atque
865 2883 897 2942 in
923 2899 1022 2941 annos
1047 2879 1146 2941 maior
1169 2897 1322 2940 numerus
1345 2878 1512 2940 hominum

339 2987 373 3046 in
399 2986 474 3048 urbe
498 3006 589 3049 muro
614 2988 716 3050 cincta
735 2986 884 3067 consedit,
908 2986 1012 3049 statim
1033 3005 1113 3067 opus
1132 2992 1198 3046 erat
1215 2984 1338 3065 legibus
1356 2984 1512 3047 rationem

338 3099 372 3155 et
393 3093 536 3156 studium
560 3093 745 3156 aedificandi
770 3112 921 3174 coercere,
951 3092 983 3154 id
1009 3092 1092 3174 quod
1116 3093 1179 3153 iam
1204 3110 1221 3153 e
1244 3090 1310 3153 XII
1333 3090 1512 3153 tabularum

338 3181 524 3281 fragmentis
549 3219 737 3283 cognoscere
761 3202 872 3281 licet.²)

430 3304 511 3368 Cum
541 3327 615 3369 vero
641 3307 723 3368 Galli
752 3307 898 3369 incendio
929 3312 1026 3369 totam
1055 3306 1123 3369 fere
1154 3304 1265 3367 urbem
1290 3304 1512 3383 devastassent

339 3414 536 3495 „promiscue
567 3412 724 3477 aedificari
753 3420 861 3497 coepta
891 3415 954 3477 est‘
979 3412 1058 3495 (Liv.
1083 3412 1111 3472 V
1138 3412 1201 3492 22),
1232 3417 1327 3492 atque
1352 3429 1388 3473 eo
1412 3410 1513 3492 magis

432 3588 760 3657 1)Hauboldopusc.ll.
780 3590 901 3642 exercitt.
938 3589 1043 3642 Vitruv.
1063 3603 1133 3655 spec.
1153 3586 1174 3654 I,
1194 3585 1231 3653 ΙΙ,
1251 3585 1301 3639 ΙΠ.
1338 3584 1415 3650 Rem,
1435 3584 1511 3638 Rom.

342 3658 454 3711 Privatr.
469 3663 518 3713 etc.
537 3677 562 3727 p.
576 3660 628 3714 205
643 3676 699 3727 sqq.
737 3659 859 3713 Karlovva
877 3660 894 3717 l.
909 3659 926 3716 l.
940 3659 969 3713 Π
987 3660 1079 3729 pg514
1096 3674 1156 3725 sqq;
1175 3656 1306 3711 Bli'rmner
1324 3656 1341 3710 l.
1355 3658 1373 3709 l.
1387 3655 1416 3708 Π
1430 3673 1454 3723 p.
1471 3655 1512 3711 12.

342 3729 447 3798 Nissen,
473 3730 601 3784 Landosk.
620 3730 648 3784 ΙΙ
667 3749 691 3798 p.
712 3732 771 3786 518,
815 3730 972 3796 Pdhlmanm
1000 3728 1221 3797 Ubervdlkeruug
1239 3729 1284 3780 der
1303 3727 1409 3779 antiken
1428 3727 1513 3779 Gross-

340 3801 434 3854 stadte.
473 3818 496 3869 p.
517 3803 550 3855 73
569 3818 625 3871 sqq.
662 3803 697 3857 90
715 3818 771 3871 sqq.
809 3802 895 3869 Voigt,
921 3802 993 3856 s-B.
1019 3803 1066 3855 der
1090 3801 1175 3853 sacha.
1202 3800 1261 3852 Ges.
1288 3800 1312 3854 d.
1332 3798 1413 3850 Wiss.
1445 3798 1513 3852 1903

343 3889 367 3939 p.
388 3873 439 3924 174
458 3889 506 3940 sqq
525 3874 675 3941 (Romische
695 3874 874 3942 Baugosetzel.

430 3943 457 4011 2)
478 3944 581 3997 Schoell
604 3946 636 3997 ir.
657 3963 682 4012 p.
704 3945 762 3999 188.
799 3945 884 3997 Varro
907 3944 939 3995 de
963 3941 979 3997 1,
999 3940 1014 3993 l.
1035 3942 1060 3994 V
1078 3941 1121 3993 22.
1161 3941 1299 3994 Vitruvius
1325 3956 1385 3992 cum
1405 3957 1430 4007 p.
1451 3941 1511 4007 ἣῐ)

341 4014 375 4066 de
400 4015 500 4067 ambitu
524 4015 772 4069 stillicidiorum
793 4014 923 4083 loquatur,
948 4014 1035 4065 nescio
1056 4029 1091 4065 an
1109 4013 1215 4066 Nisseni
1239 4011 1420 4079 interpretatio
1445 4012 1514 4063 acci·

343 4085 438 4151 pianda
457 4087 498 4153 sit,
519 4088 563 4155 qui
582 4087 644 4140 dicit
663 4088 763 4155 (Pomp.
779 4086 852 4141 Stud.
869 4104 892 4153 p.
908 4085 959 4139 567
975 4085 1015 4152 sq)
1034 4084 1162 4137 ambitum
1182 4082 1369 4151 antiquissimis
1389 4082 1513 4148 tempori-

343 4156 391 4208 bus
410 4173 492 4224 aquae
512 4158 627 4226 pluviali,
647 4175 713 4226 quae
727 4159 758 4211 de
773 4161 843 4212 tecto
857 4156 980 4220 stillabat,
999 4155 1139 4209 servivisse
1154 4154 1329 4223 excipiendae,
1350 4168 1511 4221 quamquam

343 4226 371 4279 in
396 4230 555 4282 contrarium
577 4230 682 4283 disserit
699 4230 802 4283 illauius
833 4227 951 4297 (Privatl.
977 4244 1002 4294 p.
1021 4225 1104 4294 218²),
1130 4242 1208 4293 quem
1234 4225 1353 4293 sequitur
1371 4223 1515 4277 Liebeuam

344 4298 616 4368 „Stiidteverwaltung
633 4302 670 4354 im
690 4304 754 4357 rom.
774 4299 959 4354 Kaiserreich‘*
978 4315 1003 4365 p.
1023 4299 1074 4350 417
1094 4314 1120 4349 n.
1140 4299 1165 4352 4.
