3509 5292
810 543 1009 603 -3-

321 720 419 802 patris
448 724 478 781 et
504 718 561 781 filii
591 720 761 782 sententias
790 725 825 780 ut
852 720 1042 802 philologiae
1066 725 1097 782 et
1121 719 1248 781 criticae
1275 721 1407 781 rationis
1432 740 1496 780 nou

322 827 398 888 satis
428 827 602 906 peritorum
633 826 702 887 iure
732 827 899 908 neglegere
928 834 1056 907 possent
1080 827 1138 887 viri
1165 826 1257 899 docti,
1287 845 1382 904 nunc,
1412 837 1499 909 post-

324 952 419 1015 quam
444 934 494 993 vir
517 932 629 994 doctus
648 933 832 994 auctoritate
856 951 914 994 sua
938 933 1072 994 eundem
1097 933 1278 1015 opinionem
1300 938 1421 994 tutatus
1440 940 1498 1011 est,

323 1039 450 1121 dignam
481 1058 550 1101 earn
582 1038 696 1101 habere
727 1037 913 1118 debuerunt,
944 1059 1039 1120 quam
1072 1038 1239 1121 diligenter
1268 1040 1497 1101 examinarent.

321 1144 433 1227 Neque
448 1145 625 1216 defuerunt,
642 1146 697 1227 qui
707 1164 775 1207 eam
786 1144 956 1227 probarent
966 1146 1064 1207 veluti
1079 1146 1140 1207 viri
1155 1145 1240 1207 docti
1255 1144 1498 1225 Wolfflin,²4)

321 1250 560 1332 Lanciani,2⁵)
582 1251 800 1333 Helberg.2⁶)
832 1250 892 1314 Sed
913 1252 1056 1334 plerique
1075 1270 1142 1314 eam
1162 1252 1256 1334 plane
1275 1252 1497 1331 neglexerunt,

321 1359 415 1441 pauci
438 1358 576 1421 refutare
599 1359 704 1421 conati
728 1358 779 1420 vel
802 1359 990 1420 contrariam
1020 1360 1208 1421 sententiam
1237 1364 1273 1420 ut
1295 1365 1401 1440 aperte
1425 1378 1497 1441 pro-

321 1465 514 1543 nuntiarent,
537 1466 687 1527 commoti
709 1470 791 1527 sunt.
805 1466 844 1547 27)

412 1588 449 1650 In
485 1609 548 1671 quo
581 1608 715 1651 numero
748 1590 904 1671 imprimis
936 1590 1086 1651 laudandi
1120 1595 1196 1652 sunt
1227 1588 1424 1651 Krohnius
1466 1598 1498 1652 et

321 1693 594 1778 Degeringius3
615 1696 667 1757 hic
685 1714 721 1757 ea
739 1697 941 1778 potissimum
961 1696 1129 1779 opprobria
1139 1695 1291 1759 Schultzii
1307 1701 1337 1758 et
1354 1696 1497 1778 Ussingii

321 1802 492 1884 infringere
515 1802 637 1865 studuit
660 1808 755 1885 atque
773 1803 911 1885 infregit,
936 1821 1017 1885 quae
1038 1809 1114 1865 sunt
1133 1803 1172 1865 de
1191 1804 1366 1886 praeceptis
1386 1802 1497 1865 Vitru-

321 1910 425 1970 vianis
449 1909 488 1971 ad
512 1914 611 1971 artem
631 1909 863 1992 pertinentibus
888 1910 940 1992 (de
958 1910 1015 1971 hac
1034 1928 1068 1972 re
1087 1908 1276 1972 Hultschius
1296 1928 1425 1992 quoque
1443 1910 1462 1971 l.
1478 1911 1496 1972 l.

321 2034 410 2078 suam
435 2017 621 2079 sententiam
645 2017 679 2077 in
704 2018 890 2079 universum
914 2016 1057 2098 protulit)
1089 2022 1120 2078 et
1143 2018 1305 2095 rationem,
1334 2036 1416 2098 quae
1443 2017 1497 2077 Vi·

321 2123 464 2184 truvium
488 2124 572 2184 inter
595 2129 625 2185 et
647 2123 788 2184 Plinium
815 2124 1080 2206 Atlrenaeumque
1107 2122 1281 2203 intercedit,
1309 2123 1495 2198 illustravit,

322 2247 385 2310 quo
414 2235 554 2311 tempore
579 2228 763 2291 Vitruvium
792 2231 954 2312 scripsisse
982 2235 1078 2311 putat,
1108 2230 1217 2312 paucis
1245 2234 1367 2291 tantum
1396 2230 1496 2311 signi-

321 2333 436 2397 ficavit.

411 2458 604 2522 Krohnius
632 2466 737 2523 autem
766 2461 892 2543 singula
919 2460 993 2521 libri
1019 2459 1202 2541 Ussingiani
1225 2460 1327 2542 capita
1350 2466 1496 2523 accurate

321 2567 501 2648 percensuit
533 2573 564 2629 et
596 2568 790 2629 examinavit
827 2573 922 2649 atque
956 2565 1081 2649 singula
1113 2568 1181 2628 eius
1214 2573 1401 2647 argumenta
1424 2567 1495 2629 red-

322 2663 453 2754 arguere
477 2673 608 2754 studuit,
633 2674 750 2755 quibus
774 2674 827 2735 ille
850 2673 963 2756 probat
983 2672 1165 2735 Vitruvium
1190 2674 1282 2735 tertio
1307 2673 1357 2736 vel
1382 2675 1494 2756 quinto

322 2799 350 2860 p.
371 2777 439 2841 Chr.
460 2780 586 2842 saeculo
609 2781 738 2842 vixisse.
785 2780 854 2841 Etsi
878 2786 982 2842 autem
1008 2780 1119 2842 ceteris
1139 2782 1171 2841 in
1193 2778 1286 2842 rebus
1305 2778 1494 2862 Ussingium

322 2887 476 2949 erravisse
514 2886 716 2957 demonstrat,
755 2888 813 2948 hoc
850 2892 953 2949 tamen
992 2886 1191 2968 probandum
1229 2904 1296 2948 esse
1329 2884 1497 2948 confitetur

321 2990 507 3055 Vitruvium
529 3012 594 3055 non
617 3012 653 3055 eo
673 3000 820 3076 tempore,
846 3012 910 3075 quo
930 2992 1025 3076 vulgo
1045 2998 1181 3075 putatur,
1205 2994 1376 3076 scripsisse,
1400 2999 1496 3074 atque

321 3095 485 3160 nonnullis
510 3100 580 3161 aliis
604 3099 747 3182 Ussingii
771 3100 968 3182 argumentis
991 3118 1055 3162 non
1079 3098 1283 3181 neglegendis
1308 3099 1436 3162 adiutus
1456 3101 1495 3161 ad

322 3223 391 3267 eam
423 3207 609 3268 sententiam
642 3207 833 3287 perducitur,
865 3213 900 3268 ut
929 3206 1152 3268 Vitruvium
1183 3212 1269 3267 ante
1300 3225 1438 3267 annum
1469 3226 1495 3267 a.

322 3309 403 3373 Chr.
425 3313 468 3373 31
492 3311 609 3375 libros
629 3315 903 3395 composuisse,
925 3322 1057 3395 postea
1075 3312 1221 3373 demum
1245 3330 1308 3375 eos
1327 3311 1495 3375 edidisse

407 3486 452 3548 24)
473 3487 572 3540 Archiv
591 3488 636 3538 fiir
655 3487 861 3555 Lexilrographie
879 3487 908 3540 X
926 3504 951 3555 p.
971 3487 1031 3541 301.

410 3557 456 3626 25)
476 3557 544 3611 Bull.
564 3574 659 3612 eornm.
681 3557 748 3613 1899
767 3574 792 3624 p.
811 3557 854 3611 24.
874 3576 900 3611 n.
919 3557 944 3612 2.

318 3675 321 3680 .
409 3628 455 3694 26)
473 3630 565 3683 Revue
584 3630 616 3682 de
635 3629 724 3696 philol.
764 3630 840 3683 1897.
879 3629 971 3681 Revue
990 3629 1036 3681 des
1054 3644 1148 3681 revues
1167 3645 1191 3695 p.
1214 3630 1264 3682 145
1283 3644 1339 3696 sqq.

410 3699 454 3764 27)
473 3701 662 3755 Aitschison
683 3701 886 3768 „Athenaeum‘
904 3717 944 3752 nr.
964 3699 1078 3767 36251).
1098 3700 1158 3753 516.

473 3773 607 3825 Brovvne
625 3771 686 3824 ibid.
706 3789 745 3823 nr.
766 3770 873 3840 3626f7.
895 3788 919 3839 p.
939 3771 999 3825 586.

473 3842 794 3908 Holmon-Schmidt,
814 3843 927 3896 Heronis
946 3858 1025 3910 opera
1043 3841 1057 3894 Ι
1075 3858 1100 3909 p.
1119 3842 1197 3895 LXX
1215 3859 1241 3894 n.
1263 3843 1286 3896 l.

472 3915 626 3981 Tannery.
665 3914 758 3966 Revue
776 3914 808 3966 de
829 3913 890 3981 phil.
911 3914 979 3967 1897
1000 3931 1016 3981 p
1045 3914 1096 3966 118
1115 3929 1170 3980 sqq.

473 3985 591 4037 Krohn.
628 3984 699 4038 Berl.
719 3984 813 4039 Philol.
834 3984 1025 4038 Wochenschr.
1047 3984 1113 4039 1897
1134 3984 1182 4038 col.
1203 3985 1254 4037 773
1273 3999 1329 4051 sqq.

474 4056 642 4124 Degering.
680 4056 773 4109 Rhein.
784 4056 852 4112 Mus,
865 4055 933 4109 1902
948 4073 972 4123 p.
983 4056 1065 4122 8sqq.
1081 4055 1115 4108 ci.
1130 4054 1366 4122 Pauly-Wissowa,
1382 4054 1495 4109 Realen·

681 4126 841 4195 cylrlopltdie’
861 4129 907 4194 (=
924 4127 1006 4194 P-W)
1027 4128 1049 4178 V
1069 4126 1118 4181 col.
1139 4126 1208 4180 1162
1227 4143 1248 4181 e.
1267 4142 1292 4179 v.
1312 4126 1434 4193 dipteros.

473 4198 678 4254 Studniczlra.
715 4199 833 4251 Jahresh.
853 4199 877 4252 d.
894 4198 1009 4252 Oesterr.
1029 4197 1093 4250 Inst.
1112 4197 1153 4251 VI
1172 4197 1262 4263 (1903)
1281 4214 1305 4264 p.
1327 4199 1385 4251 131.
1405 4214 1431 4251 n.
1451 4199 1495 4253 47.

473 4270 506 4321 V.
526 4268 651 4322 Mortet.
690 4270 801 4335 „Revue
820 4268 1036 4336 archeologique“
1057 4268 1126 4324 1902
1146 4286 1170 4337 p.
1190 4269 1280 4334 selei.

926 4371 929 4377 -
1057 4340 1127 4395 1904
1146 4358 1170 4408 p.
1190 4339 1298 4407 222)33.
1335 4338 1445 4406 282l93.
