3509 5292
771 556 981 615 -17.„

288 730 440 812 optimam
463 730 755 812 interpretationem
781 748 818 792 ea
842 729 1003 808 exhibent,
1035 748 1116 812 quae
1139 731 1308 811 Augustus
1335 732 1459 812 ipsein

288 844 496 900 monumento
525 836 612 917 quod
640 837 754 900 dicitur
776 838 948 916 Ancyrano
977 837 1017 898 de
1039 835 1192 899 aedificiis
1220 857 1238 898 a
1261 855 1294 900 se
1323 836 1462 915 iactisffi)

288 944 340 1006 vel
370 942 523 1006 confectis
550 943 601 1005 vel
628 944 753 1006 refectis
787 945 943 1026 exposuit.
954 946 989 1020 16)
1047 943 1147 1006 Paulo
1178 944 1261 1006 enim
1292 958 1461 1025 postquam

288 1051 371 1132 patri
404 1051 568 1130 suecessit,
607 1049 800 1113 Octavianus
836 1049 1004 1112 aedificare
1040 1052 1144 1132 coepit
1179 1069 1241 1112 nec
1271 1069 1328 1132 per
1360 1055 1462 1112 totum

289 1157 433 1220 diuturni
457 1158 582 1239 imperii
606 1163 730 1239 tenipus
754 1177 896 1240 unquam
915 1156 983 1220 iere
1002 1157 1142 1219 studium
1163 1156 1347 1219 aedificandi
1366 1159 1463 1219 inter-

289 1264 393 1341 misit,
414 1269 509 1346 atque
528 1283 601 1326 eum
622 1266 729 1345 „ouria
746 1264 767 1326 J
770 1265 834 1326 ulia
854 1273 885 1326 et
904 1266 1068 1326 continens
1088 1265 1116 1325 ei
1136 1263 1362 1325 chalcidicum‘t
1380 1264 1464 1326 facta

289 1372 354 1433 sint
376 1372 439 1433 iarn
464 1390 546 1433 anno
567 1372 660 1453 42¹⁷)
684 1377 715 1433 et
738 1371 831 1434 aedes
855 1371 922 1432 divi
940 1370 1016 1451 Juli,
1040 1389 1122 1452 quae
1146 1371 1272 1433 decreta
1295 1377 1343 1433 est
1365 1390 1391 1433 a.
1411 1373 1462 1451 42,

288 1483 439 1539 cernatur
470 1480 501 1539 in
536 1479 676 1540 nummis
710 1480 795 1540 cusis
826 1478 911 1539 inter
943 1496 1043 1539 annos
1076 1479 1116 1539 37
1150 1484 1181 1540 et
1211 1479 1306 1556 34¹⁸)
1335 1483 1372 1540 ut
1401 1477 1463 1539 alia

289 1585 442 1658 omittam,
466 1586 537 1646 iure
557 1586 651 1647 etiam
671 1584 848 1663 Vitruvius
869 1586 926 1646 etsi
950 1585 1012 1645 iarn
1033 1590 1106 1646 ante
1125 1604 1244 1646 annum
1265 1586 1305 1646 31
1329 1585 1463 1666 scripsit,

288 1690 373 1752 hanc
396 1710 534 1771 causam,
557 1711 614 1753 cur
632 1691 792 1770 scriberet,
817 1691 928 1752 afferre
948 1692 1059 1772 potuit,
1083 1691 1168 1772 quod
1188 1691 1464 1755 animadvertisset

288 1798 510 1879 imperatorem
547 1798 665 1878 „multa
697 1796 915 1860 aedificavisse
947 1804 979 1860 et
1010 1816 1097 1859 nunc
1129 1797 1303 1878 aedificare,
1340 1798 1464 1880 reliquo

290 1923 420 1986 quoque
444 1910 585 1987 tempore
609 1911 640 1967 et
664 1904 864 1986 publicorum
889 1910 920 1966 et
942 1904 1138 1986 privatorum
1163 1904 1378 1967 aedificiorum
1403 1953 1462 1966 ...

288 2031 398 2073 curam
418 2011 627 2074 habitarunt.
660 2010 733 2074 Huc
752 2011 881 2090 accedit,
900 2011 986 2093 quod
1005 2012 1172 2093 Augustus
1190 2030 1254 2073 non
1273 2012 1341 2092 ipse
1360 2012 1463 2074 solum

288 2116 466 2180 aedificavit
489 2118 563 2199 „sed
587 2125 618 2180 et
640 2127 760 2181 ceteros
784 2119 942 2200 principes
962 2119 1047 2179 viros
1066 2136 1160 2199 saepe
1179 2117 1323 2180 hortatus
1348 2123 1403 2198 est,
1427 2124 1464 2180 ut

288 2244 345 2307 pro
369 2223 520 2287 facultate
544 2227 680 2307 quisque
705 2225 908 2287 monimentis
935 2224 986 2286 vel
1015 2226 1108 2286 novis
1132 2224 1181 2285 vei
1207 2224 1331 2287 refectis
1356 2230 1387 2288 et
1410 2244 1464 2286 ex-

287 2332 383 2394 cultis
414 2331 525 2393 urbem
556 2332 755 2394 adornarent.
818 2331 1031 2414 Multaque·a
1061 2331 1171 2393 multis
1199 2337 1276 2393 tunc
1303 2337 1465 2394 exstructa

288 2438 426 2519 sunt“¹⁹)
512 2437 674 2520 Imprimis
692 2439 862 2520 Agrippa
882 2444 1000 2519 quanta
1019 2443 1050 2500 et
1069 2457 1165 2519 quam
1186 2437 1286 2500 multa
1304 2439 1463 2520 praeclara

288 2544 431 2607 aedificia
446 2545 486 2607 ad
500 2564 595 2608 usum
611 2546 809 2627 potissimum
824 2545 990 2608 hominurn
1007 2546 1196 2626 pertinentia
1206 2543 1317 2607 aedilis
1327 2564 1410 2607 anno
1421 2546 1463 2606 33

288 2658 320 2714 et
344 2658 452 2733 postea
475 2653 677 2731 exstruxerit,
701 2653 862 2714 monuisse
886 2653 963 2713 satis
986 2650 1137 2730 habeo.²⁰)

379 2757 446 2820 Iam
458 2757 496 2820 ad
510 2757 607 2820 finem
622 2758 831 2846 perduximus
845 2759 1135 2839 interpretationem
1151 2758 1246 2820 huius
1262 2757 1466 2840 praefationis

288 2871 386 2947 atque
423 2883 464 2927 ex
501 2883 537 2928 ea
575 2866 780 2947 cognorimus
812 2865 1029 2927 Vitruvium
1066 2865 1138 2925 iam
1176 2870 1265 2927 anto
1301 2884 1464 2947 pugnam

288 2973 486 3035 Actiacam
506 2973 544 3033 in
566 2971 677 3035 libris
695 2972 739 3034 de
761 2972 1021 3034 architectura
1038 2970 1327 3034 conseribendis
1351 2989 1464 3033 oocu-

288 3085 418 3161 patum
455 3078 579 3141 fuisse
617 3097 738 3160 neque
775 3086 860 3160 post
897 3098 1035 3140 annum
1069 3078 1215 3140 demum
1248 3098 1273 3140 a.
1308 3076 1386 3140 Ohr.
1422 3079 1463 3140 16

288 3184 457 3249 scribere
480 3186 659 3268 coepisse.
696 3186 813 3247 Tamen
838 3205 902 3247 non
923 3187 1029 3247 omnia
1046 3184 1246 3265 Vitruviana,
1267 3202 1348 3267 quae
1371 3183 1465 3247 nobis

288 3298 413 3376 praesto
449 3298 533 3373 sunt,
569 3298 636 3355 tum
675 3293 852 3375 conscripta
888 3310 957 3355 esse
995 3311 1088 3374 posse
1127 3291 1178 3354 vel
1217 3291 1291 3353 inde
1324 3295 1463 3373 apparet,

290 3400 377 3482 quod
403 3400 442 3462 de
465 3399 542 3462 aede
572 3400 746 3481 „Augusti‘
776 3400 920 3481 loquitur
945 3398 1111 3461 Vitruvius
1141 3397 1191 3479 (cf.
1215 3418 1244 3480 p.
1271 3398 1311 3479 7).
1358 3394 1463 3471 Quare

289 3507 511 3570 examinare
535 3525 603 3568 nos
632 3505 836 3588 oportebit,
866 3524 1047 3589 quaenam
1076 3509 1164 3568 ante
1191 3524 1329 3567 annum
1354 3505 1393 3566 31
1420 3541 1462 3548 -

290 3618 326 3676 ut
344 3619 466 3677 certum
490 3613 660 3675 terminum
688 3618 832 3694 statuam,
862 3614 918 3696 qui
946 3613 1039 3674 ctiam
1069 3612 1139 3673 aliis
1167 3612 1362 3693 argumentis
1390 3629 1463 3672 con-

288 3718 434 3783 firmatur
452 3755 496 3766 —
515 3720 661 3801 scripta
680 3738 762 3783 esse
780 3719 840 3783 vel
859 3719 1021 3782 debeant
1040 3718 1100 3781 vel
1122 3718 1286 3801 possint,
1309 3722 1344 3779 et
1367 3736 1463 3797 quae

290 3827 521 3910 posterioris
559 3827 741 3908 temporis
778 3827 965 3889 indicium
1003 3824 1226 3903 exhibeant3
1264 3824 1353 3905 atqui
1390 3842 1463 3886 cum

289 3952 503 3961 ——.---—-

380 4003 425 4070 15)
444 4003 478 4059 of.
497 4003 612 4071 Richter,
631 4004 739 4072 Topogr.
760 4020 785 4056 v.
804 4002 889 4056 Rom²
925 4044 931 4058 .
953 4002 1004 4056 138
1022 4018 1048 4054 n.
1070 4001 1093 4053 1.

380 4074 424 4141 16)
442 4072 513 4129 Mon.
533 4077 598 4128 Ano.
618 4076 657 4128 ed.
678 4075 834 4128 Mommsen.
873 4075 887 4126 1
926 4072 967 4127 3².
1004 4070 1132 4134 41-23
1150 4070 1195 4124 lat.
1216 4088 1240 4139 p.
1261 4070 1349 4139 78188.

381 4146 425 4213 17)
443 4143 600 4199 Mon.‘Ano.
618 4162 644 4213 p.
665 4145 706 4202 79,
745 4146 796 4199 Dio
815 4146 858 4213 47,
879 4145 925 4211 193
944 4145 987 4212 51,
1005 4143 1049 4196 22.

381 4216 425 4285 18)
444 4216 515 4272 Mon.
534 4219 601 4274 Ano.
622 4234 645 4285 p.
665 4216 708 4271 80.
745 4216 795 4270 Dio
813 4218 856 4283 47,
879 4216 920 4269 18.

380 4287 424 4353 19)
442 4286 507 4341 Suet
525 4289 592 4356 Aug.
611 4287 645 4342 29
665 4288 700 4341 cf.
720 4288 829 4341 Gardth.
866 4286 884 4344 l.
903 4287 920 4340 1,
940 4286 1013 4355 1²1).
1033 4286 1123 4356 981,¹6.
1247 4350 1249 4353 ¹

377 4357 424 4427 20)
443 4359 477 4413 cf.
496 4358 632 4413 Frandsen
651 4359 703 4429 „M.
724 4359 867 4426 Vipsanius
886 4358 1017 4427 Δςιάρρειιι
1036 4358 1134 4411 Altona
1152 4356 1222 4411 1838
1239 4372 1265 4424 p.
1285 4354 1391 4423 140176.

1444 4458 1463 4511 2
