3509 5292
378 1224 569 1307 Quicunque
592 1225 623 1286 in
647 1224 784 1286 Vitruvii
810 1224 919 1287 decern
943 1224 982 1286 de
1005 1225 1212 1287 architectura
1235 1224 1332 1287 libros
1355 1225 1460 1288 studia

288 1331 501 1413 contulerunt,
524 1332 582 1392 vix
605 1332 638 1392 in
662 1332 762 1393 altera
786 1332 979 1413 quaestione,
1004 1350 1086 1413 quae
1105 1331 1143 1393 ad
1163 1331 1303 1394 Vitruvii
1328 1351 1407 1415 opus
1432 1340 1464 1395 et

287 1458 453 1522 personam
476 1437 620 1522 pertinet,
644 1438 729 1500 viros
753 1437 861 1501 doctos
885 1457 958 1499 curn
983 1444 1075 1501 antea
1098 1444 1166 1501 tum
1190 1440 1345 1520 proximis
1370 1441 1462 1501 annis

289 1556 353 1609 tam
373 1545 548 1609 elaborasse
568 1551 598 1607 et
617 1545 789 1608 desudasse
807 1546 914 1607 sciunt
937 1565 1032 1627 quam
1057 1547 1088 1607 in
1109 1532 1258 1635 tempore,
1283 1565 1345 1628 quo
1365 1546 1462 1609 libros

290 1655 329 1716 de
359 1653 566 1715 architectura
596 1671 668 1715 eum
700 1653 862 1734 scripsisse
893 1658 923 1714 et
952 1652 1088 1714 edidisse
1117 1659 1237 1735 putant,
1269 1651 1461 1732 definiendo;

290 1777 393 1842 neque
418 1761 523 1821 minus
547 1764 670 1821 constat
690 1777 743 1821 eos
761 1760 795 1820 iu
815 1760 987 1821 sententias
1011 1760 1125 1821 mirum
1147 1764 1300 1840 quantum
1322 1760 1462 1822 diversas

290 1867 470 1928 discessisse
494 1871 524 1927 et
548 1884 588 1927 ne
611 1865 697 1927 falsis
722 1866 849 1947 quidem
866 1871 897 1928 et
920 1866 1034 1947 ineptis
1058 1867 1253 1948 argumentis
1276 1868 1462 1949 pepercisse.

290 1970 380 2047 Quod
407 1991 478 2034 curn
502 1973 743 2054 perspexissem,
766 1973 834 2055 ipse
859 1991 987 2054 quoque
1008 1973 1039 2033 iu
1061 1991 1098 2035 ea
1117 1975 1302 2054 quaestione
1321 1973 1462 2035 studium

293 2080 446 2142 collocavi
470 2097 605 2160 eamque
623 2079 683 2140 hoc
703 2079 922 2160 quaestionum
944 2078 1208 2141 Vitruvianarum
1227 2080 1400 2161 specimine
1420 2116 1462 2123 —

289 2204 394 2268 neque
427 2186 584 2268 specimen
618 2186 720 2248 solum
754 2192 809 2265 est,
848 2186 903 2248 sed
936 2193 1031 2268 caput
1063 2187 1204 2248 omnium
1239 2187 1463 2268 quaestionum

291 2291 552 2355 Vitruvianarunr
566 2329 605 2338 —
619 2294 656 2355 ad
667 2291 762 2354 finem
775 2292 936 2375 quendam·
944 2292 1115 2375 perducere
1125 2293 1276 2370 conabor,
1296 2311 1346 2355 res
1356 2298 1462 2355 autem

289 2402 356 2483 ipsa
379 2400 439 2462 hoc
462 2401 529 2482 ipso
553 2407 693 2483 ternpore
716 2400 793 2460 mihi
818 2400 944 2461 videtur
967 2402 1142 2462 necessario
1167 2400 1364 2463 retractanda
1384 2418 1462 2477 esse,

289 2526 361 2568 curn
386 2525 581 2589 unoquoque
608 2506 673 2569 fere
701 2507 838 2590 proximi
867 2507 1011 2568 decennii
1040 2525 1124 2568 auno
1150 2507 1288 2588 aliquam
1314 2506 1462 2568 dIsserta-

289 2613 406 2675 tionem
442 2613 564 2674 doctam
597 2615 628 2674 in
663 2614 764 2676 lucem
798 2613 953 2692 prodiisse
985 2612 1158 2692 videamus,
1198 2633 1261 2695 qua
1293 2618 1349 2674 aut
1381 2632 1464 2675 nova

289 2722 444 2782 sententia
473 2720 630 2802 profertur
660 2725 715 2781 aut
738 2719 916 2782 oblitterata
946 2719 1050 2781 denuo
1074 2719 1314 2781 commendatur
1337 2726 1391 2781 aut
1414 2721 1463 2781 in-

288 2831 428 2889 veterata
452 2833 482 2889 et
506 2826 636 2909 vulgata
654 2827 760 2908 opinio
780 2826 946 2905 stabilitur,
970 2832 1006 2888 ut
1025 2825 1118 2887 multi
1137 2825 1292 2904 dubitent,
1315 2827 1348 2886 in
1369 2826 1462 2888 cuius

290 2934 479 2995 sententiam
504 2933 670 2996 discedant.
717 2937 899 3015 Antequam
925 2942 1029 2994 autem
1060 2932 1099 2993 ad
1123 2949 1190 2993 rem
1213 2933 1315 3014 ipsam
1340 2933 1461 3011 accedo,

291 3039 429 3102 breviter
459 3040 539 3102 inibi
571 3039 781 3102 enarrandum
816 3040 883 3115 erit,
917 3040 1067 3122 quinam
1102 3039 1176 3099 viri
1209 3038 1310 3101 docti
1342 3038 1462 3100 adhuc

290 3149 439 3227 egerint
471 3146 514 3209 de
547 3152 727 3227 ternpore,
762 3164 832 3227 quo
865 3145 1067 3208 Vitruvius
1100 3146 1315 3228 scripserit,
1349 3152 1462 3227 atque

290 3252 429 3337 quibus
453 3252 688 3335 argumentis
711 3252 780 3331 illi⁴
797 3254 852 3314 usi
878 3253 964 3315 sint.

379 3356 470 3433 Quod
489 3360 516 3421 si
536 3360 608 3440 quis
628 3361 768 3437 miretur,
788 3359 869 3421 duae
889 3360 979 3421 eires
998 3366 1073 3421 sunt
1094 3359 1302 3441 reputandae:
1322 3358 1461 3440 primum

290 3466 377 3549 quod
410 3464 576 3528 Vitruvius
608 3484 713 3547 neque
745 3466 812 3548 ipse
839 3467 1023 3548 perspicuis
1061 3466 1165 3529 verbis
1203 3465 1295 3544 dicat,
1332 3464 1461 3547 quaudo

290 3573 413 3654 vixerit,
437 3590 541 3654 neque
564 3572 783 3654 imperatorem
808 3572 910 3651 illum,
934 3574 986 3635 cui
1010 3592 1089 3656 opus
1111 3592 1205 3635 suum
1219 3571 1395 3652 dedicavit,
1418 3573 1462 3633 ita

289 3680 478 3762 alloquatur,
509 3684 544 3741 ut
568 3680 671 3742 omnis
702 3679 740 3742 de
763 3698 800 3742 eo
825 3679 981 3743 dubitatio
1004 3687 1123 3743 remota
1146 3682 1195 3760 sit,
1224 3679 1346 3753 deinde,
1377 3678 1461 3761 quod

289 3786 378 3848 nulla
409 3793 551 3849 veterum
581 3788 769 3868 scriptorum
800 3788 982 3849 testimonia
1011 3792 1145 3867 exstent,
1178 3786 1296 3869 quibus
1327 3791 1461 3868 tempus,

291 3912 354 3979 quo
378 3895 459 3956 vixit
481 3900 512 3957 et
535 3894 668 3976 scripsit,
691 3900 774 3956 certe
797 3891 974 3956 definiatur.
987 3894 1008 3972 ¹)

378 4068 403 4131 1)
423 4067 490 4121 Sunt
508 4069 597 4121 autem
616 4067 766 4121 testimonia
783 4083 877 4136 pauca:
896 4067 965 4127 Plin.
980 4069 1007 4120 in
1028 4068 1156 4121 iudicibus
1172 4067 1189 4121 l.
1207 4068 1224 4121 l.
1243 4068 1320 4135 XVI,
1339 4067 1461 4129 XXXV,

289 4137 414 4192 XXXVI
433 4137 465 4191 N.
486 4139 519 4192 H.
538 4168 572 4178 -
591 4139 709 4192 Frontin.
727 4139 760 4191 do
783 4139 856 4207 aquis
880 4156 906 4192 u.
927 4138 958 4192 R.
978 4138 991 4191 I
1009 4138 1044 4194 25
1063 4170 1097 4179 -
1116 4139 1201 4207 Apoll.
1220 4139 1308 4194 Sidou.
1328 4139 1402 4206 epist.
1422 4138 1461 4191 IV

291 4211 315 4272 3,
327 4211 351 4264 5.
389 4208 456 4262 VIII
474 4210 499 4276 6,
517 4210 558 4264 10.
575 4240 604 4250 -
622 4209 695 4263 Serv.
715 4210 748 4264 ad
766 4213 831 4263 Aen.
853 4210 894 4265 VI
913 4212 947 4263 43
963 4241 995 4250 -
1010 4211 1096 4264 Tzetz.
1116 4210 1195 4264 schol.
1215 4211 1242 4264 in
1260 4212 1324 4278 Lyc.
1344 4210 1414 4264 Cass.
1434 4205 1461 4262 II

289 4298 314 4348 p.
334 4279 563 4348 creatuturas.
582 4280 698 4335 Reinesii
717 4297 771 4335 var.
789 4280 848 4334 lect.
868 4280 886 4334 l.
906 4281 948 4334 III
966 4299 992 4350 p.
1012 4282 1071 4336 118.
1108 4282 1177 4334 Vitr.
1196 4281 1263 4334 VIII
1282 4283 1318 4349 3).

1386 4435 1389 4441 ,
1445 4388 1458 4438 1

729 4774 1033 4902 “arama
