3509 5292
769 577 809 586 --
854 542 981 603 58-

286 720 451 801 gefiihrten
478 719 616 781 Verbote
647 719 688 780 im
721 718 928 799 allgemeinen
958 718 1124 781 Gebrauch
1149 769 1155 781 .
1181 770 1187 781 .
1213 717 1264 779 die
1297 717 1359 779 alte
1382 718 1456 779 Vor-

288 826 404 905 schrift
425 825 475 888 die
495 827 540 888 als
556 824 654 887 Dicte
674 825 729 887 der
748 826 980 903 gemeinsarncn
1000 824 1120 888 Wande
1139 826 1210 887 eine
1225 823 1296 886 Ello
1316 824 1458 903 iestsetzt,

288 932 373 995 blieb
397 932 451 995 fiir
474 933 534 994 den
558 931 777 994 entwichelten
796 932 954 995 Hochbau
977 934 1007 993 in
1029 931 1128 993 Krat't.
1174 930 1218 992 Es
1237 931 1343 1012 klingt
1361 932 1460 993 schier

288 1039 492 1121 unglaublich
508 1038 573 1100 und
585 1038 663 1099 wird
675 1039 754 1100 doch
765 1038 865 1100 durch
877 1040 968 1100 einen
981 1038 1160 1100 Faohmann
1177 1038 1267 1115 (Vitr.
1279 1037 1353 1118 118,
1366 1039 1404 1099 16
1415 1041 1459 1118 sq>

288 1146 447 1227 verbiirgt,
472 1145 532 1206 dass
557 1144 615 1207 auf
636 1147 677 1207 45
702 1165 749 1207 cm
775 1146 900 1207 starlren
918 1144 1163 1207 Grundmauern
1185 1146 1272 1206 5-6
1290 1143 1461 1206 Gcschosse

288 1253 482 1334 aufgetiirmt
506 1252 643 1314 wurden.

378 1358 420 1421 Ut
444 1360 541 1440 igitur
570 1358 844 1440 comprehendam,
875 1377 958 1441 quae
982 1364 1090 1420 contra
1113 1357 1278 1440 Voigtium
1306 1359 1461 1440 imprimis

288 1472 400 1543 statuo,
433 1466 552 1527 nullam
586 1467 688 1543 legem
721 1465 821 1527 libera
852 1465 1035 1547 republica
1067 1466 1161 1527 latam
1195 1483 1265 1527 esse
1296 1465 1460 1543 conando,

289 1594 352 1655 qua
382 1573 514 1634 altitudo
545 1571 759 1634 aedificiorum
792 1572 1068 1654 praescriberetur,
1101 1577 1196 1653 atquc
1227 1589 1265 1633 ca
1296 1572 1336 1633 dc
1367 1591 1458 1634 causa

288 1679 447 1742 Romanos
482 1678 630 1741 latericiis
667 1679 840 1760 parictibus
879 1698 952 1741 usos
988 1678 1262 1761 sesquipedalibus
1300 1677 1459 1759 complura

288 1787 441 1848 cenacula
471 1786 656 1862 cumulasse,
688 1786 763 1847 dum
791 1786 959 1867 Augustus
991 1792 1118 1867 propter
1148 1784 1273 1847 crebras
1304 1784 1459 1847 aedificio·

287 1913 358 1954 rum
392 1894 502 1955 ruinas
536 1911 648 1954 novam
682 1891 868 1954 aedificandi
902 1892 1056 1954 rationem
1090 1898 1121 1954 et
1152 1898 1330 1953 structurae
1362 1910 1461 1967 genus

288 2000 399 2062 edictis
419 2001 604 2062 institueret.
651 2002 759 2080 Atque
782 2019 854 2061 cum
874 1999 1008 2060 aliorum
1027 1999 1216 2061 testimoniis
1235 2006 1302 2060 tum
1322 1998 1459 2061 Vitruvii

287 2106 393 2168 verbis
426 2107 484 2168 hoc
517 2106 746 2187 comprobatur.
801 2105 883 2167 Nam
915 2107 1111 2167 ratiocinatio
1145 2107 1222 2178 eius
1253 2110 1291 2167 ut
1324 2105 1462 2167 breviter

288 2222 435 2295 repetam,
460 2212 536 2274 hacc
558 2213 622 2273 sere
647 2219 705 2274 est:
732 2213 907 2274 secundum
934 2213 1018 2293 leges
1042 2209 1132 2296 [quas
1151 2212 1246 2293 paulo
1265 2217 1337 2293 post
1355 2213 1459 2274 incen-

289 2319 376 2381 dium
402 2318 557 2380 Gallicum
590 2319 666 2380 latas
698 2338 765 2381 esse
796 2318 968 2381 verisimile
999 2317 1056 2403 est]
1087 2319 1189 2401 paries
1218 2320 1399 2381 communis
1424 2337 1461 2380 no

288 2428 423 2488 crassior
453 2433 518 2487 esto
550 2444 645 2506 quam
675 2426 916 2507 sesquipedalis3
948 2422 1021 2509 [huc
1045 2443 1148 2507 usque
1171 2425 1272 2506 legem
1297 2427 1457 2506 antiquam

288 2533 378 2594 reddi
402 2532 544 2606 arbitror,
575 2533 666 2594 cuius
690 2533 767 2593 nihil
792 2532 877 2594 aliud
903 2534 964 2594 uisi
988 2534 1089 2613 spatio
1113 2532 1274 2594 communi
1304 2533 1391 2613 parci
1415 2533 1459 2592 in-

287 2645 417 2715 tererat3
442 2638 481 2700 de
506 2639 650 2700 latericiis
674 2639 749 2700 solis
773 2641 940 2701 structuris
965 2640 1040 2701 haec
1064 2639 1115 2700 lex
1139 2639 1201 2700 lata
1225 2645 1280 2719 est,
1303 2658 1376 2700 cum
1401 2639 1459 2699 alia

288 2746 419 2807 materia
449 2751 516 2807 tum
547 2746 689 2808 nondum
721 2747 886 2807 uterentur
908 2747 941 2806 in
967 2745 1117 2808 aedificiis
1140 2742 1295 2829 privatis];
1328 2745 1459 2807 latericii

288 2872 364 2914 vero
389 2854 416 2914 si
439 2872 503 2913 non
529 2852 686 2934 diplinthii
709 2854 760 2913 vel
785 2854 959 2934 triplinthii,
992 2853 1047 2914 scd
1071 2852 1307 2935 sesquipedales
1337 2857 1459 2914 tantum

288 2966 371 3039 sunt,
395 2978 460 3020 non
484 2960 554 3040 plus
579 2978 675 3020 unam
699 2960 966 3040 contignationem
991 2961 1148 3021 sustinere
1170 2964 1313 3041 possunt.
1361 2958 1459 3041 Atqui

288 3086 359 3128 curn
390 3067 555 3148 permultis
587 3065 832 3127 habitationibus
863 3066 956 3127 nobis
987 3084 1066 3148 opus
1090 3068 1132 3127 sit
1155 3077 1186 3127 et
1209 3066 1298 3127 urbis
1323 3067 1458 3147 spatium

288 3175 463 3255 angustius
482 3193 577 3253 quam
598 3180 633 3233 ut
651 3178 774 3234 tantum
795 3172 937 3234 aedificia
956 3174 1051 3234 unius
1071 3172 1315 3253 contignationis
1335 3173 1459 3254 (pauca-

288 3299 360 3341 rum
390 3282 487 3360 igitur
518 3279 758 3353 habitationum)
789 3286 999 3358 exstruamus
1032 3280 1101 3341 ideo
1132 3282 1163 3341 in
1197 3280 1297 3341 altum
1321 3280 1458 3342 tollenda

289 3393 364 3448 sunt
387 3384 536 3447 aedificia.
583 3386 667 3468 Ergo
691 3404 754 3447 non
778 3385 927 3448 latericiis
950 3386 1131 3467 parietibus,
1160 3386 1215 3447 scd
1240 3386 1313 3469 pilis
1336 3391 1459 3448 tanturn

287 3492 427 3573 lapideis,
445 3493 611 3555 structuris
628 3493 777 3572 testaceis,
793 3492 967 3574 parietibus
985 3494 1197 3555 caementiciis
1216 3493 1261 3553 uti
1278 3493 1362 3574 licet,
1379 3511 1461 3575 quae

289 3600 467 3680 complures
491 3600 742 3680 contignationes
765 3599 848 3661 ferre
871 3608 1012 3681 possunt,
1037 3602 1094 3662 etsi
1117 3600 1353 3682 sesquipedales
1377 3605 1461 3662 sunt

377 3703 547 3767 Conclusio
578 3707 674 3787 igitur
697 3725 827 3787 prorsus
851 3714 936 3767 recta
959 3714 990 3767 et
1014 3706 1153 3768 dilucida
1177 3713 1230 3786 est,
1262 3712 1368 3788 atque,
1398 3708 1460 3768 nisi

287 3812 387 3890 fallor,
411 3813 448 3872 in
469 3811 527 3873 his
546 3814 641 3894 ipsis
662 3813 790 3874 verbis
809 3812 896 3874 inde
915 3834 934 3874 a
952 3813 1173 3892 „latericiis‘
1197 3822 1460 3895 argumentum

288 3918 404 3981 edicti
429 3919 538 3980 illius
562 3921 674 4000 inest,
702 3921 799 4000 quod
824 3923 1021 4001 Augustus
1044 3919 1221 3982 Romanis
1245 3921 1460 4003 proposuit,

287 4032 328 4088 ut
351 4046 369 4087 a
391 4025 554 4088 laterum
578 4027 616 4086 in
640 4026 881 4088 aedificando
908 4047 976 4089 usu
1000 4046 1063 4089 cos
1088 4027 1299 4089 deterreret
1322 4032 1357 4089 et
1380 4046 1459 4089 cre-

287 4131 372 4194 bras
397 4133 660 4194 aedificiorum
684 4134 815 4195 ruinas
839 4134 1047 4211 cohiberet,
1073 4154 1143 4216 quo
1168 4153 1300 4195 novam
1324 4134 1459 4197 aedifi·

288 4238 399 4299 candi
423 4240 606 4301 rationem
632 4241 686 4301 eis
710 4240 1040 4320 commendavit.1⁵)

378 4379 421 4447 15)
442 4379 476 4432 ci.
491 4379 586 4432 Nissen
605 4380 732 4436 Landcslr.
752 4380 779 4433 Π
798 4398 821 4448 p.
842 4380 902 4434 518.
922 4380 984 4434 529.
