3509 5292
776 544 975 604 -9-

289 722 404 785 credat.
451 720 520 796 Qua
552 721 585 782 in
618 739 652 783 re
685 740 748 783 non
780 722 918 783 multum
942 720 1046 783 differt
1077 740 1096 781 a
1123 718 1372 802 Degeringio,²⁸)
1405 720 1461 802 qui

289 828 475 891 Vitruvium
499 829 582 890 intra
605 847 704 890 annos
728 829 768 891 27
795 833 826 891 et
849 829 891 890 23
915 829 1078 910 scripsisse
1101 828 1218 890 statuit

379 934 417 996 In
449 935 578 997 illorum
611 936 798 997 sententiam
832 936 893 997 viri
927 934 1010 996 docti
1039 933 1210 1013 Tannery
1243 939 1274 996 et
1305 932 1464 995 Browne

288 1045 381 1104 caute
410 1043 454 1103 ita
484 1041 699 1104 discesserunt
725 1042 744 1103 l.
768 1042 796 1122 l,
827 1047 862 1103 ut
892 1042 953 1124 ipsi
984 1059 1113 1123 quoque
1136 1040 1321 1103 Vitruvium
1351 1040 1463 1122 primis

288 1149 415 1231 imperii
430 1149 570 1229 Augusti
589 1150 681 1210 annis
700 1148 863 1230 scripsisse
882 1148 1099 1211 concederent.
1133 1148 1331 1230 Argumenta
1350 1153 1463 1226 autem,

289 1254 408 1337 quibus
431 1255 479 1316 illi
502 1260 646 1332 utuntur,
677 1255 752 1317 talia
775 1260 859 1333 sunt,
883 1261 920 1316 ut
938 1255 1069 1317 minime
1088 1256 1289 1316 consentiant
1310 1273 1385 1315 cum
1408 1255 1463 1332 eiS,

290 1380 373 1444 quae
405 1361 509 1425 adhuc
540 1362 745 1443 proferuntur
776 1361 815 1424 ad
840 1365 974 1443 tempus,
1008 1379 1071 1443 quo
1096 1347 1264 1424 Vitruvius
1296 1361 1463 1443 scripserit,

288 1468 624 1548 circumscribendum,
660 1487 766 1550 neque
803 1474 910 1531 tamen
948 1468 1014 1531 ullo
1051 1469 1144 1532 modo
1177 1468 1302 1551 neglegi
1333 1468 1463 1550 possint,

289 1576 442 1657 quoniam
467 1576 631 1657 exipsius
656 1573 798 1638 Vitruvii
821 1576 860 1638 de
883 1575 964 1638 libro
994 1595 1052 1639 suo
1076 1575 1183 1639 verbis
1213 1576 1348 1658 aliisque
1378 1575 1464 1637 testi-

288 1682 404 1745 moniis
432 1682 472 1744 ad
502 1683 662 1745 historiam
687 1682 903 1765 spectantibus
926 1682 1095 1761 ducuntur,
1123 1689 1159 1745 nt
1181 1701 1280 1764 paene
1306 1700 1463 1764 cogamur,

289 1788 329 1849 de
352 1789 527 1851 inveterata
550 1789 604 1851 illa
628 1790 783 1852 sententia
806 1788 965 1852 decedere.

380 1893 441 1957 Sed
472 1914 545 1958 oum
576 1895 614 1958 de
644 1895 702 1957 hac
732 1913 765 1958 re
795 1896 877 1957 inter
906 1895 978 1957 iilos
1007 1895 1093 1976 ipsos
1123 1896 1208 1957 viros
1238 1896 1369 1957 minime
1398 1895 1464 1956 iarn

289 2002 459 2064 conveniat
489 2020 592 2085 neque
623 2002 770 2065 omnibus
799 2004 833 2063 in
864 2001 960 2064 rebus
989 2001 1131 2064 Krohnio
1161 2002 1306 2064 assentiri
1336 2002 1464 2084 possim,

289 2106 502 2191 Degeringius
525 2115 639 2190 autem,
664 2127 758 2191 quem
782 2128 947 2191 speramus
970 2109 1051 2171 hanc
1074 2127 1138 2171 rem
1163 2127 1220 2191 pro
1244 2128 1303 2170 sua
1321 2107 1463 2170 doctrina

289 2220 321 2277 et
340 2217 509 2297 sagacitate
527 2215 565 2277 ad
585 2215 680 2279 finem
701 2211 938 2298 perducturum,
958 2234 1003 2295 ea,
1027 2235 1109 2298 quae
1127 2217 1281 2298 promisit,
1304 2217 1337 2277 in
1358 2214 1463 2277 lucem

288 2322 428 2404 proferre
462 2329 608 2400 moretur,
646 2341 758 2406 operae
795 2324 932 2404 pretium
971 2322 1050 2385 duxi
1083 2325 1151 2385 hoo
1181 2324 1264 2405 ipso
1297 2327 1464 2403 tempore

287 2429 517 2492 sententiam
546 2429 665 2509 illam,
700 2449 808 2511 quam
837 2430 875 2490 in
901 2430 1123 2491 universum
1150 2429 1283 2511 probo,
1317 2430 1350 2491 si
1375 2429 1464 2491 fieri

288 2539 429 2618 potest,
452 2534 630 2618 pluribus
654 2538 890 2618 argumentis
913 2535 1154 2615 confirmare,
1183 2537 1366 2619 praesertim
1390 2556 1463 2599 cum

288 2661 394 2725 nuper
416 2643 521 2704 virum
551 2642 677 2705 doctum
702 2642 946 2725 Franeogallum
971 2642 1109 2705 Mortet
1136 2644 1253 2705 iterum
1277 2642 1463 2705 Vitruvium

289 2748 330 2811 ab
362 2750 503 2833 Augusti
535 2749 729 2832 temporibus
766 2768 949 2832 segregasse
982 2756 1013 2812 et
1043 2748 1104 2811 Titi
1138 2751 1304 2832 aequalem
1343 2749 1464 2812 dixisse

289 2856 433 2919 viderim.
479 2854 551 2919 Hoc
575 2862 679 2919 autem
704 2858 764 2919 iam
786 2858 862 2920 satis
882 2858 943 2918 viri
963 2856 1047 2919 docti
1071 2856 1336 2937 demonstrarunt,
1361 2856 1465 2934 eredo,

290 2961 477 3025 Vitruvium
499 2963 601 3046 primo
621 2984 648 3026 a.
667 2961 737 3026 Chr.
757 2965 884 3027 saeculo
903 2965 1037 3040 vixisse3
1064 2982 1162 3047 quare
1186 2964 1264 3026 nihil
1283 2963 1368 3025 aliud
1388 2964 1464 3024 mihi

288 3072 443 3151 proposui
472 3070 535 3133 nisi
565 3077 608 3151 ut,
641 3071 789 3152 quando
813 3070 1019 3133 Vitruvius
1049 3070 1116 3133 sub
1141 3073 1314 3154 Augusto
1346 3069 1465 3131 libros

290 3175 336 3239 de
360 3176 617 3240 architectura
640 3178 840 3259 scripserit
863 3185 899 3239 et
922 3177 1099 3258 ediderit,
1128 3178 1361 3240 testimoniis
1385 3194 1465 3239 cer-

291 3281 356 3362 tis,
387 3301 481 3365 quae
509 3284 591 3365 ipse
621 3284 664 3346 de
694 3302 732 3346 se
756 3288 793 3347 et
815 3290 895 3347 arte
919 3303 987 3346 sua
1009 3284 1196 3367 perhibet,
1226 3284 1464 3365 indiciisque

291 3387 518 3470 quibusdam
550 3390 592 3452 ad
622 3390 820 3453 historiam
852 3397 888 3454 et
918 3399 1033 3454 artem
1064 3389 1348 3474 pertinentibus
1374 3409 1464 3452 usus

290 3497 511 3560 accuratius
536 3496 725 3560 definiam.
768 3495 838 3571 Qua
856 3498 889 3559 in
911 3500 1096 3579 quaestione
1115 3499 1209 3560 etiam
1228 3498 1356 3560 alteram
1376 3497 1464 3558 illam

291 3602 393 3685 magis
422 3603 602 3684 generalem
631 3603 761 3684 solvam,
790 3608 898 3667 utrum
931 3605 1061 3666 omnino
1091 3604 1151 3666 sub
1175 3607 1320 3686 Augusto
1349 3603 1465 3665 vixerit

292 3714 324 3772 et
346 3710 505 3792 scripserit
528 3730 567 3772 an
593 3710 652 3774 sub
676 3711 737 3774 alio
761 3711 956 3794 imperatore.

287 3952 291 3961 ¹
380 3883 426 3953 28)
444 3884 462 3939 l.
481 3884 498 3940 l.
518 3902 539 3941 s.
558 3903 583 3941 v.
603 3885 726 3955 dipteros.
