3509 5292
827 534 1038 595 ..52-

348 730 424 774 esse.
473 711 536 775 Ubi
556 713 737 774 etiamnunc
760 714 862 774 exstat
883 732 1000 788 murus,
1025 732 1128 794 neque
1147 732 1222 775 vero
1246 712 1440 789 uiatoribus,
1463 712 1513 775 sed

348 837 365 880 e
398 818 555 900 lapidibus
588 818 748 901 quadratis
779 819 886 881 factus.
936 819 1048 900 Itaque
1082 818 1237 882 Nissenus
1269 825 1360 901 putat
1393 838 1517 881 murum

347 924 520 987 latericium
542 932 739 987 exstructum
759 943 827 987 esse
842 925 974 987 Tuscis
998 924 1201 1007 temporibus,
1221 944 1293 987 cum
1314 924 1392 988 urbs
1411 926 1515 1008 ampli-

346 1030 496 1093 ficaretur
519 1042 613 1113 atque
636 1038 744 1113 postea
767 1038 895 1114 propter
917 1032 1117 1113 fragilitatem
1146 1033 1294 1094 materiae
1318 1038 1349 1095 et
1372 1033 1515 1114 repetitas

347 1138 576 1200 destructiones
600 1140 832 1213 evanuisse.²⁰⁰)

435 1243 483 1307 De
508 1245 706 1307 aedilitate
733 1245 915 1323 Varronis
939 1252 975 1308 et
998 1244 1189 1318 Murenae,
1213 1265 1309 1327 quam
1329 1264 1515 1308 commemo

345 1358 393 1413 rat
416 1370 444 1432 p.
468 1352 520 1430 49,
548 1354 595 1431 14,
621 1371 813 1433 quamquam
839 1353 917 1413 nihil
942 1352 1072 1415 aliunde
1095 1354 1220 1428 scimus,
1245 1355 1351 1414 tamen
1378 1372 1441 1413 non
1465 1360 1515 1430 est,

346 1477 404 1519 our
427 1457 621 1534 dubitemus3
648 1457 781 1520 Murena
806 1477 881 1521 vero
906 1478 967 1521 non
994 1460 1020 1521 is
1045 1459 1269 1531 videturesse,
1293 1478 1390 1541 quern
1412 1450 1524 1521 Cicero

348 1564 489 1627 oratione
508 1564 562 1627 illa
581 1564 729 1644 defendit,
753 1566 807 1627 sed
828 1565 909 1628 alius
929 1566 1122 1649 quidam.²⁰¹)
1160 1563 1251 1640 Quod
1272 1566 1311 1627 ad
1331 1585 1401 1628 rem
1421 1568 1515 1648 ipsam

346 1672 459 1733 attinet
488 1672 529 1753 (p.
554 1672 606 1751 49,
632 1674 776 1733 11-14:
813 1671 1066 1753 „Lacedaemone
1090 1692 1107 1734 e
1131 1672 1318 1754 quibusdam
1345 1672 1517 1755 parietibus

346 1778 438 1839 etiam
464 1779 605 1858 picturae
629 1780 755 1841 excisae
778 1781 955 1842 intersectis
978 1780 1127 1842 lateribus
1150 1780 1289 1842 inclusae
1313 1781 1441 1841 suntin
1461 1780 1516 1859 lig·

345 1885 414 1945 neis
438 1883 548 1946 formis
572 1888 657 1947 etin
682 1887 844 1949 comitium
876 1886 915 1948 ad
940 1893 1085 1949 ornatum
1117 1886 1285 1948 aedilitatis
1309 1885 1465 1948 Varronis
1488 1892 1518 1948 et

346 1988 499 2053 Murenae
518 1991 647 2055 fuerunt
666 1993 818 2072 adlataot‘)
842 1994 917 2055 satis
937 1993 1065 2055 aliunde
1084 1996 1201 2054 scimus
1217 1991 1378 2054 Romanos
1398 1992 1517 2055 nobiles

345 2104 441 2179 atque
459 2100 614 2180 imprimis
634 2101 836 2180 magistratus
857 2120 920 2162 non
938 2100 1090 2182 puduisse
1109 2106 1236 2179 statuas,
1261 2100 1411 2180 picturas,
1434 2118 1516 2174 vasa,

346 2204 484 2287 denique
515 2225 608 2267 omne
637 2225 738 2287 genus
768 2208 844 2269 artis
875 2226 1005 2289 operum
1029 2225 1137 2268 secum
1161 2224 1179 2267 e
1203 2204 1334 2268 Graecia
1358 2208 1517 2288 asportare

344 2311 385 2373 ad
404 2331 493 2373 suam
514 2314 646 2394 patriam
667 2313 893 2394 exornandam,
917 2313 948 2374 id
969 2314 1053 2394 quod
1072 2315 1106 2374 in
1125 2312 1258 2375 Graecia
1278 2331 1407 2395 quoque
1426 2332 1517 2375 nemo

344 2417 495 2480 audacius
519 2420 678 2481 commisit
701 2439 795 2501 quam
815 2419 930 2481 Verres
953 2420 1006 2482 ille
1030 2419 1279 2500 notissimus.²⁰²)
1326 2417 1419 2493 Quod
1444 2438 1514 2481 curn

343 2543 385 2585 ne
408 2525 609 2587 inhonestum
631 2526 758 2608 quidem
779 2526 954 2604 haberetur,
978 2546 1035 2587 cur
1057 2525 1238 2603 Varronem,
1258 2526 1420 2588 hominem
1440 2527 1516 2588 alias

343 2632 503 2710 integrum
526 2640 620 2713 atque
645 2632 787 2714 probum,
810 2652 874 2694 non
893 2633 1003 2695 fecisse
1023 2632 1194 2713 credamus,
1219 2633 1341 2694 nullam
1361 2632 1516 2695 habemus

343 2756 479 2799 causam.
535 2742 642 2819 Atque
675 2742 700 2800 si
735 2742 925 2821 quaerimus,
967 2740 1007 2801 ad
1046 2740 1123 2821 quid
1156 2739 1332 2802 ornandum
1364 2775 1410 2785 —
1441 2759 1515 2801 narn

343 2843 507 2905 comitium
531 2846 636 2926 ipsum
661 2865 733 2908 area
757 2854 824 2909 erat
842 2846 987 2927 pluribus
1006 2844 1158 2908 aedificiis
1178 2825 1448 2908 circumclusa—
1469 2846 1515 2908 illi

342 2950 481 3031 picturas
506 2949 635 3013 Romam
661 2952 836 3014 afferendas
861 2953 1049 3033 curaverint,
1080 2953 1261 3014 memineris
1285 2971 1311 3015 e.
1335 2972 1360 3014 c.
1384 2954 1515 3033 curiam,

343 3075 425 3137 quae
445 3057 484 3118 ad
504 3059 666 3120 comitium
687 3059 747 3121 sita
765 3065 838 3138 erat,
863 3079 881 3121 a
897 3058 985 3121 Sulla
1003 3058 1096 3141 paulo
1116 3065 1339 3121 commutatam
1360 3065 1390 3121 et
1409 3059 1515 3142 ampli·

342 3161 465 3225 ficatam
486 3182 560 3245 esse,
581 3184 643 3245 qua
665 3184 699 3227 re
719 3165 872 3227 nonnulla
891 3167 968 3228 artis
987 3168 1192 3228 monumenta
1211 3166 1322 3228 tollere
1342 3172 1514 3247 opuserat3

342 3271 427 3332 unde
443 3270 582 3332 studium
601 3271 728 3334 illorum
744 3272 902 3352 aedilium,
923 3292 1057 3355 quorum
1080 3273 1221 3334 aedilitas
1240 3290 1304 3333 non
1323 3273 1378 3334 ita
1398 3272 1514 3335 multo

342 3383 424 3459 post
447 3376 575 3440 Sullae
599 3383 761 3441 aetatem
791 3379 913 3442 tuisse
935 3385 1073 3460 potest,
1103 3378 1283 3441 aediticium
1306 3378 1385 3441 illud
1410 3379 1514 3443 denuo

342 3483 518 3545 exornandi
541 3485 679 3566 colligas.
721 3501 723 3506 ’

430 3590 604 3672 Postquam
629 3592 705 3654 satis
728 3591 830 3673 ample
850 3592 889 3654 de
909 3591 1099 3655 Graecorum
1124 3592 1273 3654 latericiis
1297 3594 1514 3656 monumentis

341 3696 476 3779 publicis
500 3699 564 3780 egit
590 3698 754 3761 Vitruvius
778 3706 882 3781 atque,
912 3699 1005 3761 sicuti
1030 3718 1098 3761 mos
1121 3699 1189 3761 eius
1214 3704 1269 3766 est
1299 3698 1416 3761 fabulis
1443 3700 1513 3781 qui-

344 3803 475 3866 busdam
487 3805 600 3887 lepidis
612 3808 782 3867 orationem
799 3805 972 3884 adornavit,
991 3804 1118 3867 tandem
1128 3808 1240 3867 transit
1257 3805 1297 3868 ad
1316 3806 1514 3868 latericias

341 3916 556 3974 structurae
589 3913 684 3994 apud
718 3910 905 3975 Romanos
940 3932 1045 3974 usum
1079 3913 1111 3992 (ᾗ
1147 3912 1187 3974 16
1220 3914 1306 3994 sqq);
1350 3912 1406 3975 sed
1439 3933 1512 3975 oum

342 4018 495 4080 eiusmodi
531 4018 673 4081 aedificia
707 4018 834 4101 publica
864 4018 1008 4082 Romana
1041 4038 1146 4101 neque
1176 4025 1268 4082 antea
1302 4021 1513 4081 nominaverit

429 4191 490 4257 200)
510 4193 605 4246 Nissen
625 4194 753 4250 Landesk.
772 4194 800 4248 Il
819 4212 843 4262 p.
863 4196 914 4247 317
934 4210 972 4260 sq.
1012 4196 1093 4247 Durrn
1111 4194 1194 4247 Bank.
1213 4195 1260 4246 der
1279 4194 1354 4247 Rom.
1375 4211 1399 4261 p.
1417 4192 1461 4245 20.

429 4262 491 4327 201)
511 4265 545 4318 of.
559 4265 750 4331 praefationem
765 4265 824 4317 edit.
845 4264 943 4318 Halmii
962 4267 1010 4332 §4
1030 4266 1063 4317 cf.
1084 4265 1283 4333 prosopograph.
1294 4264 1357 4331 imp.
1367 4264 1442 4317 Rom.
1453 4280 1474 4317 s.
1485 4281 1511 4319 v.

428 4333 490 4403 202)
510 4336 705 4403 etflertzberg,
725 4336 818 4389 Gesoh.
828 4336 1033 4389 Grieohenlands
1041 4353 1066 4388 u.
1075 4336 1099 4391 d.
1108 4335 1233 4389 Hensch.
1241 4336 1265 4387 d.
1275 4334 1352 4389 Rom.
1362 4334 1384 4403 I,
1391 4334 1511 4401 p.424n.
