3509 5292
768 1192 882 1277 Caput
904 1194 1074 1278 primurn.

374 1331 432 1427 De
469 1338 665 1453 tempore,
699 1364 779 1453 quo
813 1333 1029 1431 Vitruvius
1061 1335 1148 1454 ipse
1182 1366 1227 1431 se
1260 1335 1475 1455 scripsisse

499 1475 659 1584 iudicat,
693 1477 926 1572 accuratius
959 1476 1340 1573 circumscribendo.

423 1656 628 1737 Argumenta,
653 1655 770 1736 quibus
791 1656 839 1718 usi
859 1664 935 1718 sunt
957 1656 1101 1737 plerique
1122 1657 1181 1718 viri
1201 1657 1283 1719 docti
1309 1657 1349 1718 ad
1373 1665 1507 1740 tempuS,

334 1781 397 1843 qno
417 1760 584 1823 Vitruvius
608 1762 791 1843 scripsisset,
815 1763 1060 1842 terminandum,
1084 1764 1181 1844 petita
1204 1771 1293 1825 erant
1316 1782 1357 1825 ex
1381 1765 1508 1826 iudiciis

334 1867 534 1950 quibusdam,
545 1887 626 1950 quae
637 1868 1266 1951 suppeditabanturcommemorationeet
1276 1869 1506 1952 significatione

331 1993 437 2038 rerum
478 1976 676 2056 quarundam
715 1974 778 2038 fide
819 1976 969 2038 historiae
1007 1975 1292 2058 comprobatarum,
1334 1977 1507 2057 lrominum,

332 2080 556 2162 aedificiorum,
580 2101 687 2145 rerum
711 2088 889 2164 gestarunm
920 2082 1005 2143 unde
1028 2083 1157 2164 profecti
1181 2083 1401 2165 anquirebant,
1426 2102 1507 2166 quae

333 2187 372 2249 de
397 2187 446 2250 his
468 2188 563 2250 rebus
586 2188 715 2251 aliunde
743 2195 903 2270 comperta
925 2188 1121 2268 haberemus,
1146 2189 1331 2271 collatisque
1359 2190 1405 2251 eis
1433 2209 1506 2252 cnm

333 2294 475 2356 Vitruvii
506 2297 690 2357 auctoritate
720 2300 836 2357 certam
866 2296 1022 2357 rationem
1054 2294 1115 2357 sibi
1138 2296 1299 2358 invenisse
1332 2297 1391 2358 visi
1422 2303 1507 2377 sunt,

333 2420 396 2483 qua
419 2407 550 2483 tempus
576 2420 639 2483 quc
660 2400 827 2463 Vitruvius
846 2402 1032 2484 scripsisset,
1051 2408 1196 2464 accurate
1215 2401 1345 2464 definire
1368 2409 1505 2486 possent.

332 2508 392 2571 Sed
422 2508 566 2590 plerique
597 2508 627 2569 id
657 2507 753 2591 >plane
776 2509 988 2589 neglexerunt
1015 2527 1174 2590 quaerere,
1205 2515 1310 2571 utrum
1336 2511 1507 2572 continuos

332 2633 441 2677 omnes
478 2614 587 2677 decem
625 2614 720 2678 libros
757 2623 788 2677 et
820 2616 1059 2697 conscripsisset
1095 2621 1126 2677 et
1162 2615 1327 2695 edidisset,
1364 2636 1403 2677 au
1442 2617 1506 2679 alio

332 2727 472 2803 ternpore
496 2722 680 2804 scripsisset,
705 2722 766 2784 alio
791 2722 951 2802 edidisset,
978 2741 1018 2783 an
1046 2723 1189 2804 singulos
1212 2722 1311 2785 libros
1334 2729 1502 2805 postquam

331 2830 516 2910 composuit,
549 2830 653 2890 statim
688 2829 845 2891 edidisset.
901 2826 1025 2891 Deinde
1057 2828 1134 2891 haec
1165 2830 1245 2892 ratio
1278 2848 1350 2891 oum
1382 2848 1440 2912 per
1471 2849 1506 2892 se

330 2941 415 2997 recta
434 2936 476 2997 sit
499 2941 530 2998 et
552 2934 710 2998 interdum
736 2936 837 3021 runica,
862 2954 925 3017 qua
949 2937 996 2996 uti
1019 2935 1093 2997 licet
1115 2936 1154 2996 ad
1178 2941 1310 3018 tempus
1335 2955 1398 3018 quo
1422 2936 1506 3002 litte-

330 3061 436 3104 rarum
465 3042 594 3125 aliquod
625 3048 867 3105 monumentum
896 3042 1048 3124 scriptum
1076 3043 1125 3105 vel
1151 3040 1270 3104 editum
1294 3044 1344 3121 sit,
1370 3043 1505 3105 circum-

330 3148 541 3229 scribendum,
561 3155 666 3211 tamen
686 3168 790 3231 neque
809 3168 933 3231 semper
952 3155 1014 3211 tam
1034 3154 1118 3212 certa
1137 3154 1192 3229 est,
1212 3153 1247 3211 ut
1266 3168 1392 3211 ornnem
1413 3149 1504 3212 dubi-

330 3256 480 3317 tationem
511 3262 679 3336 removeat,
711 3261 742 3317 et
772 3257 806 3317 in
835 3256 905 3338 ipso
931 3255 1077 3317 Vitruvio
1101 3257 1159 3318 hoe
1182 3256 1277 3318 habet
1301 3254 1505 3335 difficultatis⁷

331 3362 417 3444 quod
442 3362 607 3442 nescimus,
632 3368 789 3444 quatenus
809 3367 904 3444 atque
923 3381 986 3443 qua
1004 3363 1125 3423 ratione
1143 3361 1284 3423 fontibus
1308 3380 1386 3424 usus
1410 3362 1502 3425 sitin

330 3468 569 3531 conscribendis
592 3468 654 3531 illis
673 3468 771 3551 libris,
794 3474 830 3531 ut
849 3467 983 3530 dubium
1003 3469 1052 3548 sit,
1076 3473 1184 3530 utrum
1202 3486 1248 3548 ea,
1274 3487 1355 3549 quae
1378 3469 1504 3551 profert,

330 3577 449 3638 auctori
479 3575 575 3637 alicui
605 3575 718 3638 debeat
745 3595 784 3637 an
814 3593 892 3637 suae
914 3575 1016 3657 ipsius
1040 3575 1209 3639 doctrinae.
1256 3573 1361 3650 Quare
1384 3576 1502 3638 factum

330 3686 386 3763 est,
409 3687 446 3743 ut
468 3684 610 3744 virorum
638 3681 803 3744 doctorum
823 3682 998 3744 sententiae
1021 3681 1136 3744 dehac
1158 3687 1276 3745 ratam
1297 3683 1405 3744 variae
1424 3688 1504 3744 tam·

330 3806 392 3871 que
412 3787 554 3849 diversae
574 3806 643 3850 esse
662 3792 798 3870 possent.
831 3787 1000 3850 Praeterea
1018 3788 1079 3850 viri
1098 3786 1181 3851 docti
1200 3808 1264 3850 nou
1285 3791 1391 3850 omnia
1410 3808 1504 3871 argu-

328 3900 436 3957 menta
464 3900 494 3957 et
521 3894 648 3975 indicia,
678 3913 760 3976 quae
788 3895 819 3955 iu
849 3895 902 3956 tali
932 3896 1114 3976 quaestione
1141 3896 1174 3955 in
1206 3914 1335 3957 censum
1360 3896 1503 3975 veniunt,

329 4007 473 4065 accurate
505 4001 783 4081 examinaverunt,
816 3999 872 4064 sed
904 4020 968 4063 uno
999 4002 1050 4064 vel
1079 4002 1177 4064 altero
1207 4000 1348 4063 adhibito
1379 4001 1502 4083 reliqua

328 4108 546 4192 neglexerunt.

419 4215 524 4279 Velim
564 4215 739 4278 recorderis
774 4215 864 4278 verbi
901 4234 997 4277 causa
1031 4213 1152 4277 Hirtii
1189 4215 1503 4296 argumentationem,

329 4342 424 4406 quarn
457 4321 516 4385 tibi
548 4341 644 4405 supra
676 4323 715 4404 (p.
740 4323 771 4402 5)
798 4324 958 4404 proposui.
1003 4321 1130 4385 Etenim
1162 4340 1236 4384 cum
1267 4318 1329 4383 Dio
1361 4323 1424 4403 (43,
1447 4323 1502 4398 45>
