3509 5292
773 493 985 551 ..33-

383 666 433 730 Ne
462 669 494 729 in
524 670 698 750 praeceptis
729 667 865 751 quidem,
900 687 981 750 quae
1011 668 1050 730 de
1081 668 1262 751 regionibus
1291 669 1352 748 dat,
1385 688 1464 751 quas

294 774 430 836 debeant
449 783 588 855 spectare
607 776 701 838 aedes
720 794 835 854 sacrae,
859 774 936 837 certi
948 775 1112 837 cuiusdam
1128 778 1278 858 temporis
1297 777 1464 858 vestigium

277 900 482 961 cognoscere
505 881 627 963 liceto)
673 882 732 945 Sed
759 883 818 944 boc
841 882 880 943 de
904 881 1035 944 aedibus
1058 884 1155 944 sacris
1179 883 1340 945 hactenus.

757 1093 850 1156 Pars
874 1094 1001 1157 altera.

612 1202 679 1264 De
702 1204 891 1281 reliquis
916 1203 1147 1264 aedificiisr.

318 1397 320 1402 .
368 1354 369 1357 ’
385 1343 554 1424 Agendum
570 1344 630 1405 erit
644 1344 703 1404 hac
717 1351 804 1423 parte
819 1344 975 1426 imprimis
990 1343 1029 1406 de
1047 1342 1158 1405 libris
1178 1346 1326 1425 quinto,
1345 1349 1466 1421 sexto,

292 1451 467 1533 septim0,
498 1450 615 1533 quibus
645 1451 830 1531 complexus
854 1459 902 1512 est
928 1450 1094 1512 Vitruvius
1118 1452 1231 1529 omnia,
1265 1469 1346 1533 quae
1369 1470 1465 1532 expo-

262 1609 263 1614 ,
292 1557 399 1619 nenda
422 1576 490 1620 esse
515 1558 543 1619 ei
568 1558 637 1619 visa
660 1565 735 1620 sunt
766 1558 804 1620 de
829 1558 925 1619 variis
948 1557 1119 1638 generibus
1149 1556 1363 1620 aedificiorum
1395 1576 1465 1638 pro-

291 1664 439 1726 fanorum
465 1669 528 1726 tam
548 1663 746 1746 publicorum
768 1685 861 1747 quarn
882 1666 1089 1745 privatorum3
1104 1664 1170 1726 >ubi
1188 1666 1303 1727 iterum
1323 1665 1465 1727 conside-

291 1771 427 1832 randum
458 1777 505 1834 est
534 1790 607 1833 eum
637 1773 753 1833 scrinia
783 1773 971 1854 scriptorum
1002 1770 1197 1834 Graecorum
1225 1771 1410 1853 compilasse
1426 1773 1463 1846 4⁹)

291 1883 388 1959 atque
407 1897 507 1960 pauca
526 1878 691 1957 addidisse,
716 1897 798 1959 quae
817 1879 918 1959 ipsius
938 1885 1062 1959 tempus
1081 1885 1112 1940 et
1131 1878 1302 1940 doctrinam
1322 1878 1464 1960 sapiunt,

292 2005 356 2067 qua
388 2004 420 2047 rc
453 1983 638 2066 explicatur,
671 2004 727 2047 cur
759 1986 786 2047 is
819 1992 939 2063 auctor,
972 1986 1027 2066 qui
1058 1985 1097 2046 ad
1129 2004 1223 2046 usum
1247 1984 1462 2076 Romanorum

290 2092 451 2173 scripserit
480 2098 576 2173 atque
606 2109 716 2153 eorum
747 2090 932 2173 imperatori
964 2090 1082 2152 librum
1113 2110 1208 2153 suum
1239 2092 1367 2169 miserit,
1400 2097 1464 2153 tam

290 2184 407 2259 multas
431 2217 481 2260 res
505 2198 682 2279 neglexerit
704 2197 924 2260 Romanorum
955 2198 1097 2279 proprias
1128 2199 1178 2259 vel
1208 2218 1227 2259 a
1249 2196 1401 2261 Romanis
1425 2198 1464 2260 ad

291 2324 446 2366 summam
490 2304 719 2366 absolutionem
760 2305 927 2386 perductas
964 2305 1064 2367 veluti
1105 2306 1262 2377 circum,
1303 2304 1465 2386 cloacaS,

291 2410 474 2492 aquarum
498 2411 649 2490 ductus,
674 2430 754 2493 quos
779 2412 907 2493 quidem
931 2413 1041 2494 paucis
1061 2418 1185 2473 tantum
1205 2411 1311 2474 verbis
1330 2413 1463 2494 stringit,

291 2523 440 2599 ponteS,
460 2519 824 2596 concamerationes,
843 2518 1025 2599 fornices,
1046 2521 1164 2601 quippe
1182 2539 1260 2600 quas
1275 2518 1464 2587 insontibus
1526 2542 1530 2553 ·

290 2625 359 2686 suis
383 2642 447 2685 non
471 2624 642 2706 descriptas
665 2625 831 2687 invenerit.

380 2730 418 2791 ln
442 2731 576 2812 singulis
600 2730 752 2794 aedificiis
775 2732 998 2814 percensendis
1022 2732 1122 2813 ipsius
1146 2730 1286 2795 Vitruvii
1308 2731 1461 2794 librorum

290 2837 433 2900 ordinem
458 2856 579 2919 sequar.

380 2946 428 3005 Ac
450 2945 586 3026 primum
608 2945 736 3027 quidem
757 2947 860 3027 capite
884 2949 984 3027 primo
1009 2954 1040 3009 et
1064 2946 1161 3008 altero
1185 2944 1258 3007 libri
1281 2946 1384 3028 quinti
1408 2964 1463 3007 ex·

290 3053 387 3133 ponit,
408 3052 567 3132 quomodo
586 3051 653 3113 tora
672 3058 703 3115 et
722 3050 865 3115 aedificia
883 3072 955 3114 cum
976 3053 1030 3114 illo
1049 3053 1226 3132 coniuncta,
1246 3071 1287 3114 sc.
1306 3052 1461 3133 basilicae,

290 3158 456 3233 aerarium,
479 3177 591 3240 carcer,
615 3160 704 3221 curia
727 3159 919 3221 exstruenda
942 3160 1013 3221 sint.

378 3262 427 3326 De
449 3265 545 3345 foro,
576 3268 769 3348 quamquam
801 3266 880 3327 nihil
911 3266 951 3327 ad
979 3284 1045 3329 rem
1075 3266 1160 3346 iacit,
1190 3267 1352 3329 monuisse
1374 3266 1464 3329 iuvat

291 3371 474 3434 Vitruvium
496 3371 535 3434 de
555 3370 746 3435 Graecorum
770 3372 1000 3435 consuetudine
1023 3372 1164 3435 locutum
1187 3392 1250 3434 non
1276 3392 1345 3435 eam
1368 3374 1462 3434 ratio-

289 3498 363 3541 nem
399 3485 548 3560 spectare,
589 3499 651 3562 qua
688 3480 918 3561 antiquissimis
956 3480 1158 3562 temporibus
1198 3480 1253 3542 sed
1291 3500 1355 3561 qua
1393 3486 1464 3563 post

289 3585 509 3648 Alexandrum
533 3586 600 3647 tora
622 3587 787 3649 inst'tuere
810 3592 1055 3667 consueverunt,
1082 3587 1183 3649 veluti
1207 3604 1232 3650 e.
1257 3605 1281 3648 c.
1328 3585 1462 3648 Prienae

289 3692 348 3772 boc
371 3692 490 3754 factum
514 3710 583 3754 esse
607 3692 765 3770 videmus3
780 3692 819 3773 ⁵⁰)
849 3693 934 3775 quod
959 3699 1065 3756 antem
1095 3691 1134 3755 ad
1156 3691 1372 3755 Romanorum
1394 3693 1462 3755 fora

289 3800 408 3879 attinet,
428 3817 532 3881 neque
551 3797 729 3861 Romanum
750 3819 854 3882 nequo
872 3799 1101 3882 Pompeianum
1120 3799 1223 3862 forum
1243 3818 1348 3881 neque
1366 3799 1460 3880 aliud,

290 3911 444 3987 quantum
456 3906 556 3987 video,
577 3906 724 3968 omnibus
735 3906 875 3969 Vitruvii
886 3908 1061 3990 praeceptis
1071 3906 1292 3988 respondet,⁵¹)
1308 3906 1363 3968 sed
1373 3905 1460 3969 aliud

377 4081 422 4147 48)
443 4080 547 4133 Nissen.
585 4080 639 4133 Das
657 4081 803 4148 Templum.
824 4098 848 4150 p.
869 4082 928 4133 174.

378 4151 422 4218 49)
442 4153 475 4203 ct.
496 4151 592 4204 Nissen
610 4151 702 4219 Pomp.
722 4151 796 4206 Stud.
815 4169 840 4220 p.
862 4153 920 4207 109.
940 4151 1001 4206 285.
1022 4151 1081 4206 519.
1102 4151 1154 4206 622
1173 4167 1211 4220 sq.

378 4223 422 4290 50)
441 4222 717 4289 Wiegand-Schrader
736 4223 864 4290 „Priene“
885 4241 908 4291 p.
928 4224 971 4277 45.
994 4224 1044 4277 185
1063 4240 1120 4291 sqq.
1145 4224 1178 4277 cf.
1199 4224 1291 4278 Noaclr
1314 4223 1406 4277 Philol.
1426 4224 1461 4279 58

288 4310 313 4360 p.
334 4293 375 4347 18.
412 4292 508 4345 Nissen
527 4293 617 4361 Pomp.
637 4293 712 4350 stud.
730 4311 755 4362 p.
775 4293 835 4348 208.
850 4326 885 4332 —
903 4296 947 4360 51)
967 4295 1051 4347 Durm
1071 4295 1087 4349 l.
1106 4296 1124 4348 l.
1144 4312 1168 4363 p.
1188 4295 1248 4351 608.

1439 4404 1455 4455 3
