3509 5292
731 541 946 602 „11-

206 792 208 796 y
249 719 353 782 tradat
376 739 458 781 atino
483 740 508 783 a.
528 717 599 782 Chr.
619 720 660 781 46
681 724 817 781 statuam
838 717 981 781 Caesaris
1004 719 1035 779 in
1060 719 1177 800 templo
1197 716 1324 793 Quirini
1342 720 1430 801 posi·

250 832 315 888 tani
336 844 412 906 esse,
431 826 518 889 unde
536 833 663 909 apparet
682 824 834 907 templum
854 824 933 886 iilud
953 833 1008 887 aut
1026 826 1131 886 statim
1157 828 1336 887 restitutum
1356 844 1430 887 esse

250 941 307 995 aut
340 940 458 1015 partem
492 934 560 995 eius
593 934 692 994 solam
726 950 810 993 anuo
843 933 885 993 49
919 930 1143 1013 conflagrasse,
1177 939 1270 1014 atque
1303 940 1429 995 constet

251 1040 392 1122 Pompeii
413 1041 569 1102 theatrum
589 1041 681 1101 etiam
702 1045 772 1122 post
790 1058 815 1100 a.
838 1040 876 1101 13
897 1038 992 1121 vulgo
1016 1037 1174 1119 audisse1)
1200 1041 1328 1101 nomine
1351 1058 1429 1122 pro-

250 1147 319 1228 prio
343 1146 502 1229 lapideum
530 1144 581 1208 vei
610 1164 830 1224 marmoreum,
858 1144 957 1207 Hirtii
985 1152 1172 1225 argumenta
1195 1164 1260 1207 non
1284 1147 1346 1206 iam
1371 1146 1428 1207 ad·

250 1252 353 1315 hiberi
375 1271 467 1335 posse
485 1254 561 1315 satis
580 1251 682 1314 elucet
701 1252 738 1313 ad
759 1259 892 1333 tempus,
912 1270 975 1332 quo
993 1250 1161 1314 Vitruvius
1180 1252 1312 1333 scripsit,
1332 1271 1428 1315 accu-

249 1360 350 1421 ratius
374 1357 598 1437 definiendum,
620 1360 762 1441 itemque
782 1365 919 1440 apparet,
944 1377 1037 1440 quam
1062 1359 1148 1420 cauti
1167 1377 1234 1420 esse
1254 1357 1429 1421 debeamus

251 1483 413 1548 quamque
437 1467 556 1527 ineerta
579 1465 659 1528 ratio
684 1465 738 1526 iiia
762 1483 831 1527 esse
851 1466 957 1547 possit.
993 1462 1085 1544 Quid,
1105 1466 1190 1547 quod
1211 1464 1335 1527 Hirtius
1354 1465 1429 1545 alia,

250 1591 335 1655 quae
359 1574 436 1635 certi
458 1572 621 1635 cuiusdam
646 1573 797 1654 temporis
821 1572 976 1634 indicium
1000 1571 1159 1649 exhibent,
1185 1578 1241 1634 aut
1267 1572 1360 1653 piane
1383 1574 1424 1634 si-

250 1680 350 1741 lentio
374 1680 500 1741 transiit
521 1678 621 1741 veluti
644 1680 801 1761 porticum
827 1677 948 1748 Metelli
971 1682 1010 1761 (p.
1036 1679 1148 1758 69,18
1173 1679 1243 1761 sq),
1271 1681 1302 1740 in
1333 1681 1429 1741 cuius

248 1785 354 1848 iocum
375 1785 468 1867 paulo
492 1792 563 1868 post
583 1787 624 1847 33
644 1786 799 1868 porticum
820 1784 968 1847 Octaviae
987 1784 1188 1848 substitutam
1208 1804 1277 1848 esse
1300 1791 1424 1847 constat

249 1891 325 1972 (Dio
349 1894 401 1974 49,
421 1893 493 1972 43)·
510 1898 564 1954 aut
587 1911 652 1954 non
676 1890 752 1955 satis
776 1891 979 1975 probabiliter
1002 1890 1196 1973 explicavit?

339 2016 410 2079 Jam
432 2016 632 2079 manifestum
652 2035 720 2079 esse
738 2025 824 2099 puto,
844 2017 876 2077 id
897 2017 983 2097 quod
1002 2036 1099 2097 supra
1118 2020 1158 2098 (p.
1179 2017 1211 2098 1)
1236 2017 1303 2078 dixi
1328 2035 1425 2099 quae·

249 2124 384 2186 ationem
407 2123 493 2185 iliam
517 2124 556 2186 de
580 2130 728 2205 tempore,
753 2143 816 2205 quo
843 2123 1011 2185 Vitruvius
1034 2124 1201 2205 scripserit,
1226 2122 1330 2185 denuo
1356 2141 1429 2185 esse·

247 2231 487 2311 instituendam,
522 2248 594 2292 cum
626 2249 663 2293 ea
690 2232 853 2310 sententia,
887 2230 920 2291 in
953 2249 1017 2313 qua
1044 2230 1189 2312 plerique
1221 2229 1323 2292 adhuc
1355 2248 1425 2312 per-

249 2344 389 2417 manent,
413 2345 495 2399 stare
518 2356 585 2399 non
607 2338 669 2399 iam
693 2338 802 2419 possit,
827 2342 922 2418 atque
946 2336 1007 2398 alia
1028 2338 1081 2398 via
1105 2340 1136 2399 et
1154 2338 1282 2417 ratione,
1306 2337 1333 2399 si
1356 2335 1426 2399 fieri

249 2449 360 2526 potest,
392 2444 668 2526 progrediendum.
734 2442 803 2519 Qua
836 2446 888 2505 via
920 2444 1095 2525 praegressi
1128 2451 1204 2507 sunt
1237 2443 1427 2505 Marinius

247 2556 289 2633 (p.
315 2553 334 2613 5
359 2551 408 2633 sq)
439 2557 469 2614 et
498 2551 693 2614 Krohnius
728 2552 769 2632 (p.
795 2552 814 2612 8
839 2550 889 2631 sq)
920 2569 1057 2632 quorum
1086 2550 1140 2613 ilie
1170 2558 1291 2614 rectum
1324 2553 1429 2633 magis

248 2656 449 2739 significavit
473 2678 566 2740 quam
599 2660 692 2721 certis
722 2658 917 2740 argumentis
947 2658 1176 2740 comprobavit,
1211 2658 1263 2720 hic
1291 2658 1429 2740 primus,

250 2772 406 2846 quantum
430 2765 532 2845 video,
551 2766 776 2847 praefationem
796 2765 889 2847 primi
908 2763 981 2826 libri
1000 2771 1145 2827 accurate
1164 2764 1296 2847 perlegit
1314 2772 1345 2828 et
1363 2764 1425 2827 sibi

248 2872 407 2953 persuasit
430 2870 614 2934 Vitruvium
637 2873 741 2953 ipsum
766 2877 901 2953 tempus,
930 2890 994 2953 quo
1022 2871 1120 2934 libros
1148 2871 1187 2934 de
1214 2872 1429 2934 architectura

250 2978 428 3059 scripsisset
451 2986 483 3042 61
506 2977 662 3058 edidisset,
686 2979 730 3041 ita
754 2978 942 3060 significare,
966 2985 1002 3040 ut
1025 2985 1145 3041 certum
1173 2978 1247 3041 inde
1270 2978 1424 3040 indicium

249 3102 364 3166 capere
382 3104 554 3168 possemus.
591 3086 699 3168 Atque
718 3086 776 3148 hac
794 3088 846 3147 via
864 3084 1045 3147 Krohnium
1063 3091 1189 3147 secutus
1207 3086 1275 3167 ipse
1295 3103 1429 3167 quoque

249 3192 416 3271 aggrediar
437 3192 477 3255 ad
502 3194 717 3275 quaestionem
741 3192 828 3253 iliam
852 3192 1046 3254 solvendam.

342 3315 670 3380 Proficiscendum
707 3319 827 3401 igitur
863 3335 947 3380 esse
986 3317 1077 3379 mihi
1110 3317 1266 3380 videtur
1297 3316 1341 3378 ab
1370 3318 1426 3378 eis

250 3424 498 3505 testimoniis,
531 3442 626 3506 quae
659 3424 859 3487 Vitruvius
890 3425 970 3506 ipse
1002 3424 1045 3486 de
1076 3442 1115 3486 se
1144 3430 1179 3486 61
1208 3423 1321 3485 libris
1345 3423 1429 3485 suis

248 3528 410 3613 profert,
435 3532 553 3613 quippe
577 3549 659 3611 quae
683 3533 826 3594 omniurn
845 3521 1034 3613 gravissima
1052 3548 1120 3593 esse
1140 3530 1282 3592 debeant.
1320 3527 1426 3603 Quae-

250 3654 379 3717 cunque
403 3638 487 3699 enim
512 3637 552 3699 de
578 3640 642 3699 vita
672 3643 703 3699 et
730 3638 855 3719 scriptis
879 3636 1020 3699 Vitruvii
1047 3637 1175 3715 scimus
1202 3655 1267 3698 non
1295 3636 1429 3699 aliunde

248 3742 343 3806 nobis
372 3743 486 3805 tradita
515 3750 590 3806 sunt
619 3745 659 3826 (p.
686 3742 726 3825 i),
759 3744 814 3807 sed
842 3744 882 3806 ab
909 3744 979 3826 ipso
1007 3744 1220 3826 comperimus
1250 3762 1322 3805 oum
1353 3745 1428 3806 aliis

248 3850 329 3913 iocis
347 3855 416 3913 tum
435 3850 691 3932 praefationibus,
712 3870 790 3933 quas
809 3850 943 3933 singuiis
961 3849 1052 3912 libris
1070 3851 1242 3933 praemisit.
1282 3848 1425 3925 Quarum

248 3956 385 4019 formam
413 3963 444 4018 et
471 3956 578 4020 stilum
606 3958 769 4021 rhetorum
798 3952 988 4039 discipulum
1016 3955 1075 4029 (VI
1102 3958 1199 4039 praei.
1224 3959 1256 4037 4)
1283 3957 1428 4020 indicare

248 4067 335 4147 patet
355 4069 386 4126 et
404 4062 599 4146 intellegitur
616 4066 772 4148 imprimis
792 4083 833 4127 ex
851 4063 966 4126 fabulis
986 4070 1017 4126 et
1034 4063 1132 4126 rebus
1151 4064 1309 4126 historicis
1327 4071 1429 4146 atque

341 4276 367 4343 1)
385 4274 502 4342 Richter,
521 4274 700 4344 topographia
718 4275 766 4327 der
782 4274 857 4330 Stadt
875 4275 965 4329 Rom.2
983 4292 1008 4343 p.
1026 4274 1088 4329 227.
1125 4274 1235 4343 Becker,
1254 4275 1357 4328 Handb.
1376 4275 1429 4327 der

249 4349 316 4402 riim.
335 4346 500 4400 Alteitiimer
517 4345 531 4399 I
549 4364 575 4415 p.
595 4345 647 4401 619
665 4362 692 4399 n.
712 4346 794 4413 13103
812 4364 838 4415 p.
858 4347 909 4401 677
928 4362 954 4405 n.
975 4347 1053 4402 14t4.
