3509 5292
766 577 811 585 -
852 542 893 603 53
937 578 978 585 .-.

289 717 475 799 dandae.¹⁵8)
512 718 613 781 immo
638 738 678 781 ex
702 719 769 780 loco
794 738 890 801 supra
913 719 1040 780 laudato
1051 717 1193 780 Frontini
1204 720 1244 799 (2,
1257 717 1312 799 94)
1332 729 1459 799 apparet

289 825 450 887 nonnullis
474 826 603 907 privatis
627 845 742 905 aquam
767 832 802 887 ut
826 827 857 885 in
883 825 993 887 domos
1017 824 1169 887 ducerent
1192 825 1369 906 antiquitus
1388 842 1459 905 per-

289 932 420 993 missum
452 950 528 1009 esse,
561 951 601 995 sc.
625 931 823 1014 principibus
856 932 992 994 civitatis
1024 930 1288 1012 „concedentibus
1319 932 1459 1013 reliquis,

288 1038 342 1119 qui
367 1039 400 1098 in
426 1057 621 1121 unoquoque
644 1040 714 1099 vico
739 1037 1018 1116 habitabant“;¹⁵⁹)
1043 1058 1235 1121 quamquam
1258 1038 1460 1120 imperatoria

288 1144 415 1207 demum
445 1151 544 1207 aetate
577 1165 707 1227 „aquam
738 1145 771 1206 in
804 1164 882 1207 usus
911 1146 1053 1227 privatos
1078 1144 1252 1207 deducere‘
1285 1145 1460 1226 unicuique

288 1270 472 1313 concessum
499 1257 557 1329 est3
593 1253 649 1334 qui
680 1252 884 1334 „impetrare‘
915 1270 984 1313 eam
1015 1250 1148 1313 debebat
1178 1258 1209 1313 et
1237 1272 1255 1313 a
1285 1252 1460 1333 principe

289 1359 451 1441 epistolam
472 1358 509 1419 ad
531 1365 742 1420 curatorem
763 1357 950 1436 adferre.¹⁶⁰)
987 1359 1048 1421 Sed
1066 1358 1105 1420 de
1119 1358 1169 1420 his
1183 1358 1279 1420 rebus
1290 1358 1460 1420 Vitruvius

288 1464 445 1526 nihildum
476 1466 557 1527 scire
588 1466 698 1547 potuit,
733 1466 849 1547 quippe
881 1466 936 1547 qui
966 1465 1082 1527 scribat
1115 1466 1188 1545 „uti
1225 1466 1280 1546 qui
1313 1466 1460 1548 privatim

289 1570 407 1634 ducent
429 1573 462 1633 in
488 1572 597 1634 domos
621 1570 829 1654 vectigalibus
853 1576 1003 1634 tueantur
1025 1590 1091 1654 per
1114 1571 1339 1654 publicanos
1364 1592 1460 1654 aqua-

287 1698 357 1740 rum
384 1678 524 1741 ductus.“
571 1677 761 1760 Magnopere
792 1680 874 1740 enim
906 1677 1138 1759 providebatur,
1168 1697 1209 1741 ne
1240 1680 1311 1761 quis
1342 1678 1460 1740 violare

288 1783 401 1847 ductus
426 1804 581 1866 aquamve
604 1804 670 1847 non
693 1804 873 1847 concessam
899 1785 1043 1847 derivare
1066 1784 1197 1847 auderet
1219 1784 1336 1862 (Front.
1358 1786 1387 1865 2,
1407 1786 1460 1865 91)

288 1899 382 1973 atque
412 1892 512 1954 tutela
542 1893 741 1973 singularum
771 1912 928 1974 aquarum
958 1892 1078 1953 locari
1110 1892 1201 1953 solita
1225 1897 1273 1953 est
1295 1894 1487 1974 positaque*

287 1998 594 2080 redemptoribus
615 2000 786 2061 necessitas.
807 2001 926 2061 certum
947 2018 1115 2061 numerum
1135 2001 1217 2061 circa
1237 2000 1352 2061 ductus
1371 2004 1461 2061 extra

288 2105 408 2184 urbem,
428 2111 547 2167 certum
567 2107 598 2165 in
619 2095 880 2168 urbe'servorum
899 2104 1035 2167 habendi
1056 2104 1205 2187 opificum
1219 2104 1337 2187 (Vront.
1356 2108 1383 2185 2,
1396 2106 1460 2183 96).

288 2210 338 2273 Ex
377 2213 424 2274 his
457 2211 601 2274 Frontini
640 2211 746 2274 verbis
785 2218 916 2294 apparet
953 2231 1050 2294 penes
1089 2211 1328 2295 publicanos,
1367 2213 1460 2275 sicuti

287 2318 455 2381 Vitruvius
474 2319 558 2399 dicit,
582 2338 739 2401 aquarum
759 2318 874 2381 ductus
894 2320 1025 2381 tutelam
1044 2320 1142 2381 fuisse
1160 2320 1261 2382 libera
1279 2319 1458 2402 republica.

287 2422 413 2487 Etenim
452 2425 569 2508 quibus
606 2425 733 2508 publice
770 2425 888 2507 aliquid
923 2425 1103 2490 faciendum
1138 2427 1303 2489 locatum
1343 2433 1398 2507 cst,
1431 2427 1461 2487 ei

288 2531 547 2614 redemptores
567 2532 616 2595 vel
636 2532 833 2615 publicani
852 2533 1121 2614 vocabantur31⁶¹l
1145 2536 1200 2615 qui
1218 2533 1379 2616 publicani
1398 2534 1460 2595 iarn

288 2638 360 2701 inde
384 2658 403 2700 a
426 2656 536 2721 regum
561 2637 776 2702 Romanorum
808 2640 1002 2722 temporibus
1033 2639 1201 2702 exstabant
1212 2642 1263 2720 162)
1291 2646 1386 2721 atque
1410 2659 1461 2702 so·

289 2744 455 2807 cietatibus
488 2748 733 2829 congregati1⁶³)
767 2748 860 2809 etiam
893 2766 994 2829 aquae
1019 2747 1167 2808 ductibus
1191 2745 1394 2809 aedificandis
1408 2750 1460 2831 ¹⁶⁴.)

289 2870 415 2934 operam
441 2852 564 2915 dabant.

376 2959 489 3040 Itaque
514 2961 542 3022 ei
568 2960 712 3041 vectigali
736 2960 820 3041 quod
847 2961 986 3022 solutum
1006 2967 1054 3024 est
1072 2980 1128 3042 pro
1151 2960 1337 3023 usufructu
1359 2978 1460 3041 aquae

288 3066 387 3148 ipsius
400 3067 452 3145 165)
482 3066 515 3127 id
546 3066 662 3129 addere
684 3066 765 3147 licet,
796 3068 822 3128 si
848 3066 1031 3129 Vitruvium
1056 3067 1134 3150 („uti
1159 3117 1165 3131 .
1191 3119 1197 3131 .
1223 3117 1228 3128 .
1253 3066 1460 3147 vectigalibus

289 3178 436 3235 tucantur
459 3192 514 3253 per
537 3172 721 3255 publicanos
745 3192 898 3254 aquarum
924 3173 1056 3235 ductus‘
1079 3195 1108 3257 p.
1134 3174 1206 3254 207,
1234 3176 1273 3234 14
1298 3178 1345 3255 sq)
1377 3181 1460 3235 recte

289 3280 484 3361 interpretor,
508 3279 593 3361 quod
616 3280 809 3362 penderetur
832 3299 888 3362 pro
913 3281 1035 3343 tutela
1059 3280 1370 3362 aquaeductuum.

378 3385 458 3447 Satis
482 3396 586 3448 autem
610 3388 762 3469 apparuit.
794 3387 897 3467 credo,
929 3405 970 3449 ex
1002 3388 1057 3450 hac
1083 3388 1342 3469 interpretatione
1367 3386 1459 3468 paulo

290 3493 466 3573 copiosiore
492 3512 555 3554 non
584 3493 686 3555 solum
710 3492 895 3555 Vitruvium
921 3494 960 3556 de
983 3494 1053 3556 iure
1077 3494 1211 3556 tuendae
1236 3493 1461 3576 ducendaeque

380 3633 441 3697 158)
460 3633 584 3685 Lanciani
602 3632 619 3684 l.
634 3632 650 3692 l,
665 3650 690 3701 p.
706 3634 770 3687 594:
791 3634 823 3686 da
842 3637 934 3700 questo
953 3649 1028 3701 passo
1047 3633 1081 3700 (2,
1096 3633 1141 3701 98)
1160 3633 1178 3685 11
1194 3634 1317 3686 Garruooi
1333 3634 1460 3699 (Venafro

289 3720 313 3770 p.
324 3704 368 3764 35)
388 3704 496 3763 deduce,
516 3705 565 3755 che
584 3703 626 3770 „le
645 3704 824 3757 distribnzioni
842 3706 867 3756 ai
885 3704 980 3772 privati
1000 3705 1112 3772 (turono)
1132 3705 1272 3757 introdotte
1290 3705 1316 3756 in
1331 3704 1415 3757 Roma
1428 3705 1462 3757 da

289 3776 415 3843 Agrippa:
436 3775 654 3842 interpretatione
673 3775 721 3829 che
740 3776 776 3827 mi
790 3775 896 3828 sembra
909 3775 1064 3843 illegittima.
1103 3776 1216 3844 Agrippa
1234 3777 1292 3829 fece
1307 3776 1420 3829 soltanto
1434 3776 1461 3829 la

290 3846 417 3898 statistica
436 3844 504 3897 delle
523 3862 606 3913 acque
625 3846 724 3899 urbane
744 3888 749 3898 .
771 3878 826 3899 .-
847 3847 908 3909 150)
927 3847 1015 3899 Front.
1035 3846 1061 3913 2,
1080 3846 1123 3900 97.
1160 3846 1284 3900 Lanciani
1302 3865 1326 3915 p.
1346 3847 1406 3901 593.

378 3917 440 3976 160)
459 3917 548 3970 Front.
568 3916 593 3983 2,
621 3917 683 3982 1033
710 3918 768 3971 105.
805 3917 957 3971 Hirschfeld
984 3917 1052 3985 „Die
1070 3917 1244 3971 kaiserlicben
1263 3918 1459 3986 Vervvaltungs-

289 3987 411 4041 beamten
429 3989 469 4041 bis
487 3988 535 4040 aui
552 3987 725 4042 Diocletianf·
762 4005 786 4055 p.
805 3987 857 4042 273
876 4004 932 4056 sqq.

380 4061 440 4122 161)
461 4058 488 4114 Ο.
501 4059 530 4112 G.
542 4060 660 4113 Dietrich
678 4059 799 4127 Beilrdge
814 4077 863 4112 zur
877 4060 1009 4113 Kenntnis
1027 4061 1074 4114 des
1089 4060 1239 4113 rbmischen
1252 4060 1460 4127 Staatspdchter-

290 4135 412 4197 systems.
450 4132 557 4197 Leipzig
577 4131 653 4186 1877.
690 4148 714 4197 p.
735 4131 777 4185 59.

380 4201 440 4266 162)
459 4201 476 4255 l.
495 4201 511 4255 l.
531 4219 555 4269 p.
576 4202 600 4256 9.
620 4234 652 4243 -
675 4203 736 4271 163)
756 4220 781 4270 p.
802 4204 843 4256 15.
864 4233 895 4243 -
918 4203 979 4268 164)
998 4221 1023 4271 p.
1043 4202 1085 4257 52.

305 4344 316 4394 t
370 4271 631 4395 9165)21.1,ρ.13.4
657 4272 809 4340 publicanos
829 4275 966 4327 Vitruvius
991 4275 1069 4328 etiam
1096 4277 1283 4327 commemorat
1303 4292 1326 4342 p.
1347 4274 1406 4335 146,
1425 4273 1460 4327 23

290 4358 304 4393 e
335 4345 367 4395 17
388 4383 394 4408 ‚
416 4345 429 4393 1
452 4383 457 4396 .
1012 4350 1016 4363 ¹
