3509 5292
768 542 981 602 ..13-

289 717 457 779 Vitruvius
476 737 540 779 non
560 718 643 779 dicat
662 736 695 780 se
715 718 847 780 diversis
868 718 1062 799 temporibus
1085 717 1182 780 libros
1205 736 1282 780 suos
1307 720 1461 799 couscrip-

288 826 375 904 sisse,
399 824 452 886 sed
473 830 593 886 tantum
615 824 676 885 aiio
696 830 837 907 tempore
856 844 889 887 se
908 825 1081 906 scripsisse,
1100 824 1162 886 alic
1182 825 1299 906 scripta
1319 824 1459 902 edidisse,

288 932 378 1012 sequi
404 932 481 992 mihi
506 931 633 993 videtur
656 932 930 993 commentaria
953 931 1008 993 illa
1031 931 1088 1012 „de
1112 931 1323 993 architectura
1347 931 1459 1012 scripta

288 1044 319 1100 et
339 1039 460 1118 magnis
479 1038 719 1119 cogitationibus
739 1015 912 1120 111111111ιῖ1ιι
931 1040 971 1120 (p.
995 1039 1054 1116 1,1
1075 1037 1126 1120 sq)
1145 1038 1256 1100 eadem
1275 1036 1346 1099 fere
1364 1036 1459 1099 fornia

288 1151 319 1206 et
342 1146 471 1223 ratione,
495 1164 560 1225 qua
584 1164 642 1206 nos
666 1164 702 1206 ea
726 1145 871 1227 legimus,
898 1145 962 1206 iam
985 1144 1040 1206 illo
1064 1152 1213 1227 tempore,
1243 1163 1309 1225 quo
1339 1144 1460 1226 ipsese

288 1252 452 1332 scripsisse
476 1251 560 1330 dicit,
591 1252 762 1333 composita
793 1270 875 1328 esse,
908 1270 989 1333 quae
1020 1270 1094 1313 vero
1124 1258 1196 1333 post
1225 1250 1306 1312 illud
1340 1255 1461 1331 tempus

288 1358 403 1440 scripta
426 1376 494 1420 esse
518 1358 641 1437 debent,
666 1359 770 1421 nescio
794 1378 835 1419 au
858 1364 929 1440 apte
953 1377 1009 1439 pro
1029 1357 1252 1420 additamentis
1276 1356 1459 1423 habeantur.

289 1464 407 1546 quibus
426 1467 517 1527 auxit
536 1464 724 1547 quibusdam
745 1464 784 1527 de
803 1465 906 1527 causis
925 1464 1023 1527 libros
1041 1483 1116 1527 suos
1135 1470 1213 1544 tum,
1231 1482 1304 1525 cum
1326 1462 1461 1525 edendos

289 1590 343 1633 eos
367 1572 499 1634 curavit.

380 1676 468 1752 Quae
492 1697 564 1739 cum
595 1679 636 1739 ita
668 1697 703 1741 se
727 1678 842 1741 habere
870 1679 948 1739 mihi
973 1678 1149 1758 videantur,
1179 1677 1319 1759 primum
1352 1677 1393 1739 de
1422 1679 1462 1739 eis

288 1784 384 1846 rebus
415 1805 513 1866 agam,
545 1805 623 1867 quas
646 1784 830 1847 Vitruvium
861 1791 935 1847 aute
964 1805 991 1847 a.
1016 1786 1055 1846 31
1088 1785 1266 1847 necessario
1299 1785 1461 1866 scripsisse

289 1894 383 1953 certis
414 1891 604 1973 quibusdam
636 1911 677 1954 ex
707 1892 833 1954 indiciis
863 1897 999 1973 apparet,
1031 1898 1066 1952 ut
1089 1892 1189 1972 magis
1219 1889 1352 1969 eluceat,
1385 1909 1462 1972 quae

289 2000 367 2060 ratio
391 1998 564 2060 intercedat
587 2000 670 2061 inter
688 2000 914 2061 commentaria
932 2000 1038 2080 priora
1057 2004 1089 2060 et
1111 1997 1208 2059 libros
1226 2003 1335 2079 postea
1354 1997 1461 2060 editos.

723 2262 836 2348 Caput
860 2264 1028 2329 alterum.

371 2402 430 2500 De
466 2404 589 2499 rebus
623 2404 879 2524 quibusdam,
905 2435 1015 2524 *quas
1048 2402 1261 2499 Vitruvius
1293 2409 1392 2500 aute

481 2576 634 2642 anuum
669 2545 719 2643 31
752 2546 964 2667 scripserit
996 2577 1166 2642 necesse
1201 2553 1274 2642 est.

378 2724 480 2787 Tertio
514 2726 594 2787 libro
627 2726 794 2788 Vitruvius
824 2724 882 2806 „de
913 2725 1044 2787 deorum
1076 2725 1301 2787 immortalium
1333 2726 1464 2789 aedibus

290 2833 387 2893 sacris
420 2840 451 2893 et
482 2833 530 2894 uti
564 2839 705 2913 oporteat
733 2834 939 2914 perscriptas‘
972 2840 1010 2914 (p.
1042 2834 1093 2912 et,
1127 2832 1272 2910 28-30)
1304 2832 1462 2914 loquitur3

291 2939 416 3019 singula
440 2957 557 3019 genera
585 2947 615 3000 et
644 2940 764 3020 species
792 2940 981 3021 templorum
1009 2946 1173 3021 percenset
1200 2950 1232 3001 et
1259 2940 1465 3002 uniuscuius-

291 3063 353 3126 que
377 3044 523 3127 exempla
545 3044 664 3107 Romae
689 3046 745 3126 vel,
770 3046 798 3108 si
821 3045 866 3106 ibi
890 3046 1013 3125 desunt,
1038 3045 1113 3107 alibi
1132 3047 1290 3108 exstantia
1309 3052 1341 3108 et
1365 3048 1464 3108 onmi-

290 3151 351 3214 bus
383 3160 457 3214 nota
489 3151 584 3214 affert.
646 3149 735 3225 Quod
769 3151 983 3215 Romanorum
1017 3151 1232 3214 aedificiorum
1269 3154 1463 3215 mentionem

289 3258 373 3338 facit,
397 3258 457 3319 hoc
480 3260 522 3319 ita
546 3258 792 3340 intellegendum
817 3277 884 3321 esse
907 3260 1139 3341 unusquisque,
1164 3260 1219 3340 qui
1244 3259 1386 3321 Vitruvii
1411 3280 1466 3322 na·

290 3373 395 3426 turam
430 3378 459 3427 et
492 3364 718 3427 architecturae
751 3366 917 3427 seientiam
954 3366 1131 3427 accuratius
1163 3366 1265 3445 novit,
1304 3367 1465 3445 concedet,

291 3471 431 3551 arbitror,
463 3490 535 3533 eum
566 3472 655 3534 111111
685 3473 747 3534 alia
770 3491 944 3533 memorare
968 3473 1028 3534 nisi
1053 3491 1098 3551 ea,
1122 3490 1203 3553 quae
1227 3478 1302 3553 tum,
1328 3474 1466 3536 cum'de

291 3580 336 3640 eis
359 3580 493 3660 scripsit,
516 3578 636 3641 Romae
659 3598 768 3641 revera
793 3578 970 3655 exstabant,
995 3586 1030 3640 ut
1053 3579 1286 3661 unusquisque,
1309 3580 1338 3641 si
1361 3580 1466 3659 vellet,

291 3686 352 3746 sibi
371 3684 560 3768 persuadere
579 3691 685 3767 posset
704 3685 887 3748 Vitruvium
908 3704 945 3747 ca
964 3694 1048 3746 recte
1067 3685 1284 3767 descripsisse3
1304 3686 1366 3747 nisi
1383 3685 1466 3750 torte

291 3797 383 3873 putas
415 3811 487 3854 euru
519 3802 580 3853 tam
613 3793 728 3866 malum
755 3792 959 3854 architectum
985 3799 1015 3853 et
1038 3793 1114 3853 artis
1138 3793 1325 3873 scriptorem
1355 3791 1464 3873 fuisse,

292 3900 384 3960 utin
409 3917 510 3977 eare,
540 3918 630 3981 quae,
658 3901 685 3960 si
713 3898 787 3977 ulla,
816 3900 892 3960 artis
924 3900 992 3960 eius
1022 3896 1095 3978 erat,
1124 3918 1186 3960 non
1212 3900 1280 3980 ipse
1302 3899 1464 3972 iudicaret,

292 4005 347 4067 sed
370 4005 473 4067 fontes
498 4005 651 4086 quosdam
675 4015 867 4086 sequeretur.
915 4003 1002 4067 Licet
1029 4013 1134 4067 autem
1158 4004 1328 4067 Vitruvius
1355 4006 1464 4068 multis

290 4112 325 4173 in
349 4112 442 4174 rebus
465 4112 535 4173 aliis
559 4111 719 4173 obnoxius
742 4113 790 4188 sit,
822 4112 853 4172 in
889 4112 948 4173 hac
978 4117 1080 4174 tamen
1110 4131 1185 4173 eum
1213 4130 1277 4173 non
1305 4130 1347 4174 ex
1375 4111 1464 4173 libris

293 4217 482 4300 quibusdam
509 4256 549 4262 —
574 4217 727 4279 Varronis
753 4217 839 4279 verbi
864 4237 968 4298 causa,
999 4218 1038 4280 de
1062 4237 1125 4299 quo
1150 4219 1254 4279 statim
1279 4219 1398 4299 cogites
1421 4254 1461 4261 —

292 4326 457 4386 scientiam
480 4324 541 4387 sibi
565 4325 805 4406 conquisivisse,
834 4324 888 4386 sed
913 4327 1017 4407 ipsum
1042 4324 1184 4387 aedificia
1207 4324 1261 4386 iila
1284 4325 1411 4387 novisse
1433 4330 1462 4385 et
