3509 5292
775 532 983 593 ..75-

298 708 474 771 Vitruvium
497 708 702 792 probavimus
726 708 890 789 scripsisse
913 706 1011 769 libros
1035 707 1074 768 de
1095 706 1305 769 architectura
1323 706 1466 787 exceptis

295 814 413 878 duobus
435 815 524 897 looiS,
555 817 608 897 qui
634 834 691 878 cur
714 820 822 897 postea
845 813 1046 892 adderentur,
1078 812 1282 895 probabiliter
1305 813 1466 895 explicare

292 922 386 985 licirit.
434 921 473 984 In
497 922 574 985 aede
598 927 703 984 autem
729 919 863 999 Quirini,
887 940 959 983 cum
983 939 1079 983 causa
1101 920 1239 981 addendi
1262 939 1326 981 non
1350 920 1395 981 ita
1418 920 1464 981 di-

292 1028 394 1092 lucida
424 1030 474 1108 sit,
505 1029 622 1092 dixerit
650 1028 782 1091 fortasse
813 1028 972 1110 quispiam
1002 1028 1099 1089 huius
1129 1027 1228 1089 solius
1258 1027 1320 1088 loci
1343 1027 1467 1089 ratione

290 1134 395 1197 habita
418 1142 474 1198 aut
497 1137 530 1197 in
549 1134 647 1197 Hirtii
671 1134 725 1196 illa
748 1134 906 1196 sententia
930 1133 1197 1216 perseverandum
1220 1152 1289 1195 esse
1308 1140 1362 1195 aut
1380 1141 1467 1194 certe

291 1241 481 1323 Vitruvium,
513 1260 707 1323 quamquam
739 1259 803 1302 non
835 1242 903 1322 ipse
933 1241 1093 1323 scripserit
1116 1247 1189 1302 anta
1212 1260 1238 1301 a.
1264 1241 1315 1316 31,
1345 1239 1399 1302 sed
1426 1258 1467 1300 eo

289 1348 352 1412 lere
377 1357 527 1431 tempore,
552 1368 614 1430 quo
634 1347 758 1410 Hirtius
781 1350 899 1426 statuit,
923 1355 1029 1410 tamen
1052 1345 1168 1409 talibus
1188 1366 1283 1409 usum
1303 1365 1370 1408 esse
1393 1346 1462 1407 ion-

291 1455 385 1535 tibus,
410 1456 466 1537 qui
486 1466 558 1518 ante
578 1476 604 1517 a.
626 1456 665 1516 31
688 1455 853 1536 compositi
872 1455 950 1533 sint,
974 1454 1059 1516 unde
1081 1453 1173 1516 facile
1192 1453 1344 1536 explicari
1362 1471 1466 1536 possa,

289 1582 343 1625 our
367 1562 569 1642 architectus,
600 1564 654 1644 qui
679 1569 845 1643 postquam
870 1579 1004 1623 munere
1027 1579 1060 1623 se
1083 1560 1250 1641 abdicavit,
1281 1569 1365 1622 certe
1395 1579 1462 1622 non

289 1669 318 1729 in
341 1670 412 1751 ipsa
436 1668 521 1749 urbe,
546 1668 600 1731 sed
626 1669 659 1729 in
683 1668 792 1749 aliquo
811 1666 924 1730 Italiae
948 1667 1099 1749 oppidulo
1118 1667 1288 1749 scripserit,
1313 1674 1415 1728 tantas
1431 1673 1464 1729 et

289 1785 349 1837 tam
375 1773 492 1837 multas
515 1794 573 1856 res,
598 1793 680 1856 quae
704 1780 774 1856 post
797 1794 937 1856 pugnam
954 1776 1115 1836 Actiacam
1130 1772 1250 1836 Romae
1274 1774 1464 1851 exstiterint,

291 1882 418 1945 silentio
445 1882 613 1962 transierit,
645 1883 762 1963 quippe
787 1900 865 1962 quas
889 1881 920 1941 in
946 1880 1088 1943 fontibus
1111 1881 1179 1943 suis
1202 1900 1266 1942 non
1290 1879 1466 1962 descriptas

289 1990 460 2066 inveniret,
489 1989 643 2050 nonnulla
666 1994 798 2068 tantum,
823 2006 906 2069 quae
929 1988 1110 2069 posterioris
1134 1988 1284 2070 temporis
1306 1988 1461 2049 indicium

289 2094 468 2175 exhibeant,
492 2094 661 2157 inserenda
684 2114 757 2156 eum
782 2095 944 2157 censuisse
968 2103 1045 2173 tum,
1074 2114 1145 2157 cum
1170 2095 1335 2156 occasione
1359 2094 1466 2156 oblata

289 2202 460 2283 aliquando
494 2202 605 2263 urbem
630 2203 746 2264 viseret
778 2207 809 2264 et
839 2201 1006 2283 quaedam,
1040 2220 1120 2284 quae
1150 2201 1302 2263 notabilia
1333 2203 1362 2263 ei
1394 2202 1461 2263 visa

288 2317 368 2389 sunt,
394 2314 567 2371 annotaret.

375 2448 519 2524 Quorum
544 2457 647 2512 tamen
671 2457 819 2513 neutrum
845 2452 922 2513 mibi
945 2451 1111 2533 probatum
1136 2452 1233 2512 immo
1258 2451 1316 2513 hac
1339 2470 1403 2512 una
1426 2469 1464 2512 re

287 2558 517 2639 argumentatio
555 2564 669 2638 nostra,
713 2577 794 2638 quae
831 2564 877 2620 tot
914 2564 1042 2639 tamque
1083 2557 1234 2639 gravibus
1272 2558 1464 2620 testimoniis

286 2665 407 2744 nititur,
440 2661 591 2725 infirmari
625 2665 755 2726 minime
787 2671 901 2747 potest,
941 2665 1016 2745 quid
1051 2664 1134 2744 quod
1167 2662 1335 2727 Vitruvius
1366 2663 1464 2746 paulo

286 2775 457 2852 antequam
484 2770 591 2831 aedem
612 2768 738 2844 Quirini
761 2777 922 2849 memorat,
947 2771 986 2833 de
1010 2772 1125 2853 templo
1145 2773 1176 2832 in
1198 2773 1321 2853 porticu
1343 2771 1461 2832 Metelli

286 2874 373 2939 lovis
397 2876 529 2939 Statoris
553 2876 648 2937 verba
672 2878 753 2957 fecit,
786 2895 867 2957 quae
898 2878 1013 2959 scripta
1042 2896 1110 2939 esse
1135 2878 1248 2939 debere
1271 2886 1343 2939 ante
1367 2898 1392 2939 a.
1417 2879 1463 2939 33

286 3002 382 3065 supra
406 2982 714 3047 demonstravimus?
761 2980 865 3056 Quare
888 2982 992 3046 iacere
1016 3003 1081 3045 non
1105 3003 1244 3065 possum,
1275 2986 1354 3065 quin
1379 2986 1463 3045 banc

287 3108 414 3171 quoque
433 3090 519 3151 aedis
539 3088 665 3163 Quirini
684 3088 810 3151 brevem
832 3090 1074 3172 descriptionem
1096 3097 1204 3171 postea
1223 3092 1371 3153 insertam
1393 3110 1464 3153 esse

286 3202 421 3259 statuam
447 3197 582 3276 quadam
603 3195 765 3275 derauso,
789 3216 885 3277 quam
911 3216 972 3257 non
993 3198 1055 3258 iam
1076 3214 1166 3279 posse
1187 3197 1319 3259 indicari
1339 3217 1461 3280 nequa-

287 3322 381 3384 quam
413 3302 607 3382 mirabimur,
638 3321 710 3364 cum
738 3303 812 3363 talia
838 3302 902 3365 lere
925 3322 1084 3385 nusquam
1109 3313 1172 3365 tarn
1198 3306 1363 3386 perspicua
1386 3306 1461 3386 siut,

286 3417 328 3489 ut,
360 3409 519 3490 quomodo
544 3427 631 3491 opus,
662 3410 757 3490 quale
786 3428 845 3472 nos
870 3409 1017 3471 manibus
1043 3415 1196 3491 tenemus,
1228 3430 1269 3473 ex
1300 3430 1463 3474 commen-

286 3516 374 3577 tariis
398 3520 430 3576 et
453 3517 600 3596 congerie
632 3521 854 3598 excerptorum
886 3516 958 3578 aliis
981 3516 1174 3599 temporibus
1198 3518 1268 3579 aliis
1292 3518 1330 3581 de
1354 3521 1460 3581 causis

284 3621 441 3684 factorum
472 3626 667 3685 concreverit
698 3629 729 3685 et
759 3642 840 3705 quae
869 3622 937 3684 iata
968 3625 1030 3684 iam
1060 3623 1120 3685 sub
1150 3626 1287 3686 auctoris
1310 3624 1462 3687 manibus

286 3738 449 3811 expertum
484 3730 533 3798 sit,
566 3749 693 3811 prorsus
726 3731 1013 3812 cognoscamus.³⁷)
1064 3727 1169 3803 Quare
1198 3732 1274 3792 satis
1306 3731 1460 3793 habemus

285 3835 476 3917 intellegere,
510 3854 574 3916 qno
608 3836 685 3917 quid
718 3846 858 3919 tempore
890 3838 1040 3918 scriptum
1074 3854 1142 3898 esse
1175 3836 1321 3899 videatur
1352 3857 1461 3921 neque

286 3947 411 4022 temero,
436 3942 461 4003 si
485 3961 536 4004 res
560 3962 624 4004 non
645 3951 707 4005 tam
727 3945 863 4025 simplex
883 3951 929 4005 est
948 3963 1043 4024 quam
1064 3950 1293 4025 exspectamus,
1318 3963 1357 4007 ne
1379 3946 1461 4008 falsa

285 4051 336 4110 via
359 4050 516 4130 progressi
541 4050 650 4128 simus,
675 4049 862 4111 verebimur.

374 4261 418 4321 37)
438 4258 514 4324 Quod
532 4260 596 4311 aede
611 4260 713 4324 Quirini
727 4261 851 4314 Romanis
867 4262 982 4329 primum
1001 4262 1095 4330 dipteri
1112 4276 1196 4329 genus
1213 4261 1379 4327 innotuisset,
1398 4261 1460 4314 ideo

285 4346 361 4398 posse
379 4330 532 4384 Vitruvium
552 4348 610 4383 eam
630 4337 719 4399 postea
737 4332 867 4386 addidisse
887 4333 1045 4386 Studniozlra
1063 4331 1231 4400 probabiliter
1249 4332 1367 4386 coniecit.
