3509 5292
271 743 370 806 prava
388 722 555 805 proferret,
580 729 675 804 atque
695 722 856 802 Goetlrius,
881 723 937 804 qui
956 722 1140 784 Vitruvium
1159 741 1284 804 semper
1302 723 1444 786 coluerat

272 837 303 893 et
326 847 441 913 magno
465 848 537 890 cum
558 830 661 892 studio
680 830 860 911 perlegerat,
885 848 950 892 non
970 828 1199 911 neglegendam
1218 828 1299 890 hano
1318 835 1444 892 senten-

273 938 348 999 tiam
373 937 473 998 duxit.
519 935 632 1019 Neque
657 956 731 999 vero
755 937 937 998 coniectura
960 935 1040 1012 talis,
1072 935 1197 1018 qualem
1222 929 1444 999 Schultzius

272 1044 557 1117 commendaverat,
580 1055 663 1106 stare
687 1044 796 1125 potuit,
825 1062 897 1105 cum
924 1042 1062 1104 Vitruvii
1085 1045 1186 1105 codex
1210 1062 1295 1105 nono
1319 1044 1445 1106 saeculo

272 1152 526 1232 manuscriptus
550 1154 702 1227 exstaret;
738 1168 834 1232 quare
865 1151 975 1211 filius
1008 1150 1102 1227 eius,
1135 1168 1207 1211 cum
1241 1169 1323 1211 8558
1358 1150 1444 1212 1856

272 1257 398 1335 librum,
423 1275 517 1338 quem
541 1264 630 1338 pater
653 1257 692 1319 de
716 1258 774 1317 hac
798 1275 832 1319 re
856 1256 1067 1335 incohaverat,
1091 1257 1309 1338 imperfectum
1330 1257 1446 1336 ederet,

271 1365 459 1427 sententiam
489 1366 559 1425 eius
587 1365 631 1425 ita
662 1364 804 1443 mutavit,
835 1372 871 1425 ut
902 1364 998 1425 libros
1029 1363 1068 1426 de
1099 1364 1307 1426 architectura
1332 1372 1444 1445 quarto

271 1492 300 1554 p.
321 1468 389 1532 Chr.
410 1474 537 1533 saeculo
556 1472 689 1553 scriptos
709 1489 777 1533 esse
796 1471 922 1533 diceret.
964 1468 1054 1545 Quod
1076 1471 1260 1553 paradoxon
1281 1472 1340 1533 viri
1360 1470 1443 1532 docti

272 1578 398 1640 silentio
430 1579 623 1640 transierunt
645 1586 741 1659 atque
765 1597 804 1639 ne
832 1579 1024 1658 redarguere
1053 1578 1182 1660 quidem
1213 1578 1332 1659 dignati
1361 1586 1458 1640 sunt..

362 1684 391 1747 N
393 1703 410 1747 8
425 1684 457 1747 ill
464 1684 505 1746 ud
524 1684 653 1766 quidem
672 1685 814 1766 plerique
832 1695 1050 1766 respexerunt,
1075 1686 1160 1767 quod
1178 1686 1227 1746 vir
1244 1683 1445 1747 doctissimus

272 1791 548 1871 Lachmann,2⁰l
575 1792 651 1872 quia
675 1790 842 1853 Vitruvius
866 1810 989 1873 semper
1012 1794 1141 1854 nomine
1169 1792 1368 1873 imperatoris
1393 1792 1444 1854 vel

272 1897 424 1977 Caesaris,
456 1917 621 1979 nunquam
647 1898 783 1979 Augusti
816 1899 923 1978 utitur,
952 1899 1111 1961 conclusit
1133 1898 1319 1960 Vitruvium
1348 1898 1445 1960 libros

272 2025 347 2068 suos
374 2005 596 2087 composuisse,
627 2011 796 2085 antequam
827 2003 1000 2066 Octaviano
1029 2006 1169 2087 Augusti
1192 2023 1367 2085 cognomen
1392 2005 1444 2066 de-

271 2092 418 2190 ferretur,
448 2112 531 2193 quod
555 2112 673 2173 factum
698 2117 746 2174 est
769 2132 795 2175 a.
820 2112 847 2175 d.
871 2110 988 2174 XVIII
1012 2110 1080 2174 Kal.
1104 2110 1193 2174 Febr.
1218 2112 1293 2172 anni
1322 2132 1347 2173 8.
1373 2110 1445 2173 0111.

273 2219 323 2280 21.
370 2216 432 2280 Sed
462 2219 542 2300 fugit
573 2237 646 2281 eum
678 2237 792 2279 nomen
822 2220 961 2300 Augusti
992 2217 1180 2280 aVitruvio
1205 2219 1444 2281 commemorari

270 2329 311 2407 (p.
339 2325 409 2404 101,
441 2324 572 2386 3=v
599 2327 625 2402 l,
658 2326 747 2403 l),2¹)
779 2325 864 2387 unde
898 2324 1151 2387 llomnrsenus
1181 2324 1275 2402 (Mon.
1308 2328 1386 2387 Anc.
1415 2344 1444 2405 p.

272 2433 335 2506 81),
360 2431 415 2513 qui
433 2433 623 2494 sententiam
644 2431 728 2493 illam
751 2429 1036 2494 Lacbnrannianam
1061 2433 1093 2493 in
1120 2433 1305 2494 uuiversum
1325 2432 1444 2513 probat,

270 2538 388 2600 librum
418 2539 566 2621 quintum
593 2544 664 2620 post
692 2540 731 2600 21
767 2538 887 2601 editum
922 2558 989 2601 esse
1017 2539 1151 2621 collegit
1202 2537 1376 2616 Praeterea,
1409 2546 1446 2599 ut

272 2645 331 2707 hoc
355 2645 460 2706 statim
485 2644 606 2724 addam,
637 2644 669 2708 L.
689 2644 1011 2721 Friedlaender²2l
1035 2654 1119 2707 recte
1143 2644 1324 2708 observavit
1347 2646 1444 2727 scrip-

271 2756 355 2813 tores
385 2752 601 2833 imperatorem
633 2751 829 2834 alloquentes
860 2752 960 2814 multo
990 2752 1115 2834 saepius
1144 2752 1274 2814 nomine
1303 2749 1446 2814 Caesaris

273 2858 320 2920 vel
346 2858 545 2940 imperatoris
569 2878 663 2939 quam
689 2859 828 2942 Augusti
854 2878 928 2921 usos
951 2877 1025 2920 esse.

361 2964 437 3027 Post
459 2965 533 3027 illos
557 2966 700 3046 quaestio
725 2967 838 3028 iterum
864 2967 963 3047 sopita
983 2984 1050 3027 esse
1070 2964 1244 3027 videbatur.
1290 2964 1351 3028 Sed
1370 2984 1444 3027 cum

271 3072 366 3134 etiam
397 3072 432 3134 in
464 3072 641 3143 litterarum
679 3073 795 3134 studiis
827 3072 905 3133 nihil
939 3079 1002 3134 tam
1035 3072 1207 3133 absurdum
1240 3078 1270 3134 et
1301 3073 1443 3154 ineptum

272 3184 437 3257 statuatur,
470 3179 548 3261 quin
581 3178 761 3241 laudatores
794 3188 825 3241 et
857 3197 1028 3261 praecones
1060 3179 1210 3259 inveniat,
1242 3197 1325 3240 anno
1359 3179 1445 3241 1896

272 3283 526 3368 0881581588)
551 3283 705 3349 Schultzii
729 3286 943 3349 coniecturam
967 3281 1075 3348 denuo¹
1094 3286 1327 3348 commendavit
1350 3291 1446 3367 atque

271 3393 365 3454 novis
394 3394 587 3475 argumentis
617 3392 749 3475 probare
779 3393 909 3455 studuit.
961 3391 1073 3474 Itaque
1103 3412 1176 3455 eum
1208 3391 1443 3454 Schultniorum

361 3566 406 3632 20)
425 3568 518 3621 1111815.
543 3568 610 3621 Mus.
637 3568 675 3620 VI
701 3567 769 3621 1839
791 3584 816 3635 p.
843 3568 893 3622 107
914 3592 948 3612 ==
967 3567 1110 3635 „Kleinere
1134 3567 1269 3620 Schriften
1294 3584 1342 3620 zur
1366 3567 1445 3620 lrlass.

272 3638 385 3693 Philol.“
412 3638 504 3693 Berlin
524 3639 599 3697 1876.
628 3638 644 3691 2
659 3656 684 3706 ρ,
700 3639 758 3693 161.
773 3640 805 3692 81.
820 3639 1024 3707 prosopograph.
1037 3640 1100 3707 imp.
1115 3638 1190 3691 Rom.
1210 3637 1253 3691 III
1271 3638 1323 3693 526
1342 3656 1367 3706 p.
1381 3641 1444 3692 451.

360 3709 406 3779 21)
425 3710 456 3763 15
481 3710 638 3764 testimoniis
664 3710 826 3763 Vitruviauis
851 3710 991 3762 afferendis
1017 3725 1115 3777 sequor
1141 3709 1282 3762 editionem
1308 3710 1444 3775 maiorem,

272 3797 351 3849 quarn
370 3785 528 3835 curaverunt
547 3781 641 3834 Rosius
660 3784 686 3834 81
704 3780 981 3850 Miller-Striibingius
1004 3797 1073 3834 anno
1093 3780 1170 3847 1861,
1194 3780 1270 3833 cuins
1288 3781 1398 3849 paginae
1416 3780 1445 3832 in

272 3852 386 3906 editione
404 3853 505 3906 minore
524 3852 903 3919 88851888581185811899)
922 3851 1068 3920 adscriptae
1087 3855 1158 3905 sunt.

361 3922 406 3991 22)
425 3923 595 3991 Sittengesch.
615 3923 657 3976 ΙΠ
674 3940 700 3991 p.
719 3923 779 3978 509.

361 3994 406 4061 23)
424 3994 625 4063 Betragtninger
649 4011 713 4048 over
730 3994 845 4047 Vitruvii
863 3995 897 4049 de
915 3996 1091 4048 architectura
1114 3993 1175 4047 libri
1192 3994 1292 4047 decem.
1330 3994 1362 4049 D.
1382 3992 1442 4063 Kgl.

271 4066 377 4119 Danslre
392 4065 515 4119 Videnslr.
552 4066 745 4119 8818118156,
781 4066 1096 4134 88811851818311188.
1133 4064 1286 4120 1111113.
1323 4064 1445 4117 Hauniae

272 4137 350 4191 1896.
388 4136 437 4192 Oui
455 4136 520 4190 libro
545 4137 665 4189 adiunxit
686 4136 858 4190 summarium
882 4137 1088 4205 „Observations
1113 4153 1160 4190 851
1179 4136 1291 4189 Vitruve
1310 4135 1445 4189 8185118

271 4215 367 4277 temps,
388 4225 423 4261 on
441 4213 504 4277 peut
522 4208 594 4261 avoir
612 4206 653 4261 818
671 4206 737 4260 ecrit
754 4206 888 4277 l'ouvrage
907 4209 952 4276 qui
970 4213 1045 4277 porte
1064 4225 1095 4261 ce
1112 4210 1199 4261 titre.“
1235 4208 1296 4261 Jarn
1314 4209 1392 4259 antea
1410 4206 1445 4259 de

272 4280 322 4333 hac
339 4296 369 4333 18
383 4279 523 4349 Ussingius
542 4279 645 4332 videtur
663 4279 746 4348 egisse
764 4278 792 4331 in
810 4278 877 4333 libro
896 4278 1443 4347 ,8516188181588881181581588Η588εί

270 4350 393 4405 Hanniae
417 4350 488 4405 1876
508 4368 534 4419 p.
553 4351 582 4418 33
607 4366 686 4419 quem
705 4354 808 4403 tantum
831 4368 865 4405 ex
883 4351 1003 4405 Teuffelii
1020 4352 1187 4406 adnotatione
1206 4350 1232 4420 (5
1250 4349 1354 4419 264,1)
1373 4350 1445 4402 novi.
