3509 5292
771 549 982 610 ,40-

378 720 527 806 Sequitur
543 724 622 787 libro
640 731 731 787 sexto
749 726 917 807 descriptio
938 726 1206 788 aedificiorum
1224 726 1456 809 privatorum

290 836 352 891 tam
376 828 592 893 Romanorum
616 851 710 913 quam
730 831 932 895 Graecorum.
978 831 1116 895 Domum
1139 832 1292 895 Graecam
1312 832 1458 913 Vitrurii,

289 937 415 1017 qualem
449 956 512 999 non
545 939 686 1021 antiquis
718 938 921 1021 temporibus,
959 939 1014 1002 sed
1047 946 1148 1002 aetate
1181 960 1276 1022 quam
1309 958 1458 1002 vocamus

290 1042 487 1108 hellenistica
510 1047 541 1106 in
562 1065 624 1108 usu
642 1046 740 1108 fuisse
759 1054 877 1108 certum
902 1048 997 1125 est⁸⁹t
1022 1044 1180 1108 Romanos
1204 1052 1343 1109 exeunte
1361 1046 1458 1109 libera

289 1151 472 1232 republica
496 1154 651 1234 recepisse
674 1172 693 1214 a
717 1152 860 1216 Varrone
884 1154 920 1235 (r.
944 1172 968 1215 r.
993 1152 1025 1215 Π
1048 1152 1143 1235 praef.
1169 1154 1199 1233 2)
1224 1154 1385 1216 discimus.

379 1256 487 1340 Capite
521 1265 631 1322 octavo
664 1279 764 1342 pauca
797 1260 835 1321 de
868 1260 1266 1323 concamerationibus
1305 1260 1459 1354 exposuit,

290 1383 371 1445 quae
393 1376 500 1447 postea
533 1365 607 1443 (Vll
632 1369 664 1445 3)
697 1366 862 1429 nonnullis
894 1365 1115 1429 additamentis
1147 1368 1342 1449 supplentur.
1388 1366 1459 1429 lure

289 1472 449 1551 miramur,
480 1472 565 1554 quod
595 1492 658 1535 non
684 1473 775 1555 plura
800 1474 838 1535 de
862 1474 920 1535 hac
943 1493 985 1553 re,
1017 1493 1112 1555 quam
1136 1472 1272 1535 Romani
1301 1480 1459 1557 tantopere

292 1579 468 1657 excoluere,
492 1580 618 1660 dicit,⁹⁰)
642 1580 824 1661 praesertim
849 1599 923 1641 cum
947 1581 978 1640 in
1004 1579 1154 1642 aedificiis
1174 1579 1341 1642 aansare
1366 1580 1459 1642 dicta-

289 1690 356 1747 tore
379 1686 474 1767 paulo
499 1694 571 1749 ante
593 1687 683 1749 factis
709 1686 759 1749 vel
788 1686 945 1748 incohatis
975 1689 1260 1749 concamerationes
1283 1693 1459 1749 exstructas

290 1809 358 1853 csse
381 1796 553 1873 consterni

379 1898 544 1961 Praeterea
576 1903 607 1961 in
639 1901 699 1962 hoc
730 1900 810 1962 libro
843 1900 1059 1982 percensendo
1093 1919 1130 1962 ea
1162 1905 1285 1962 tantum
1320 1902 1459 1983 quaestio

288 2006 367 2066 mihi
400 2005 509 2067 oborta
533 2013 587 2087 cst,
620 2014 724 2069 utrutn
750 2026 793 2088 ea,
826 2026 908 2088 quae
931 2008 1032 2088 capite
1063 2008 1173 2088 quinto
1199 2007 1238 2069 de
1262 2007 1458 2088 singulorum

290 2112 455 2174 hominum
472 2119 503 2175 et
519 2114 665 2175 ordinum
682 2113 833 2176 aedificiis
850 2115 1055 2176 instituendis
1072 2114 1191 2193 suadet,
1211 2113 1321 2176 referri
1341 2114 1460 2195 possint

289 2220 352 2279 iarn
384 2218 423 2280 ad
454 2225 579 2301 tempus
603 2230 675 2282 ante
699 2237 838 2302 pugnarn
866 2222 1037 2299 Actiacam,
1062 2239 1103 2283 ex
1128 2240 1191 2302 qua
1213 2221 1376 2283 luxuriam
1404 2221 1458 2281 im·

290 2324 482 2400 moderatam
514 2327 748 2408 splendidarum
781 2327 933 2389 domuum
965 2327 1229 2390 exstruendorum
1259 2327 1461 2388 vehementer

287 2440 411 2494 auctam
437 2452 505 2496 esse
529 2436 706 2514 constat,⁹2)
731 2454 770 2495 an
795 2436 952 2515 posterius
978 2443 1103 2517 tempus
1129 2434 1307 2515 respiciant.
1353 2432 1460 2495 Fried-

288 2540 456 2602 laendorus
477 2540 603 2623 quidem
622 2547 712 2623 putat
730 2560 802 2603 cum
822 2540 955 2602 Horatio
969 2540 1095 2602 Tibullo
1112 2539 1277 2622 Propertio
1296 2547 1459 2622 praecepta

291 2646 438 2725 Vitrurii,
463 2648 518 2729 qui
538 2648 647 2709 eodem
667 2655 805 2731 tempore
824 2649 993 2730 scripserit,
1019 2647 1099 2709 bene
1122 2646 1345 2723 convenire.⁹³)
1379 2645 1460 2708 llicit

289 2755 372 2815 enim
385 2753 552 2816 Vitruvius
563 2754 609 2816 Vl
621 2757 650 2834 5,
662 2756 695 2815 2:
720 2755 899 2835 „nobilibus
914 2774 998 2833 vero,
1014 2756 1069 2836 qui
1085 2754 1223 2815 honores
1243 2754 1458 2835 magistratus-

291 2878 354 2941 que
373 2861 515 2943 gerundo
534 2863 693 2943 praestare
713 2861 829 2923 debent
848 2860 952 2923 officia
970 2860 1101 2939 civibus,
1119 2859 1265 2921 facienda
1282 2862 1358 2921 sunt
1368 2860 1461 2921 vesti-

289 2966 365 3029 bula
387 2968 512 3049 regalia,
540 2969 602 3029 alta
629 2969 708 3030 atria
736 2976 766 3030 et
794 2967 945 3049 peristyla
972 2966 1172 3048 amplissima,
1203 2965 1324 3028 silvae
1352 2966 1460 3027 ambu-

290 3074 488 3155 lationesque
515 3075 654 3136 laxiores
680 3073 719 3135 ad
745 3075 890 3138 decorem
913 3075 1084 3136 maiestatis
1107 3073 1273 3155 perfectae,
1298 3079 1459 3154 praeterea

290 3179 517 3259 bybliothecae,
550 3182 778 3262 pinacothecae,
804 3180 953 3244 basilicae
982 3199 1046 3242 non
1074 3180 1218 3241 dissimili
1248 3179 1341 3241 modo
1367 3199 1460 3261 quam

290 3287 487 3369 publicorum
513 3307 643 3370 operum
670 3287 901 3369 magnificentia
925 3289 1130 3368 comparatae,
1156 3286 1240 3367 quod
1266 3288 1298 3347 in
1314 3285 1461 3348 domibus

291 3414 399 3456 eorum
425 3396 551 3477 saepius
574 3402 605 3456 et
628 3394 754 3476 publica
777 3394 909 3455 consilia
932 3396 964 3456 et
986 3395 1109 3474 privata
1133 3393 1249 3453 iudicia
1269 3392 1461 3475 arbitriaque

291 3500 527 3563 conficiunturf*

379 3607 513 3669 Minime
532 3626 606 3670 vero
627 3608 700 3669 hinc
718 3609 821 3690 colligi
842 3615 942 3689 potest
962 3627 1034 3670 eum
1054 3607 1217 3689 scripsisse
1235 3612 1306 3687 post
1322 3626 1460 3688 pugnam

291 3715 462 3787 Actiacam,
486 3716 513 3776 si
537 3715 773 3777 consideramus
797 3716 860 3775 ianr
885 3714 1070 3777 Sallustium
1095 3733 1262 3776 caunum
1287 3735 1312 3774 a.
1338 3711 1408 3774 Chr.
1433 3732 1460 3773 n.

291 3822 333 3883 42
358 3819 436 3903 (Cat.
458 3823 512 3902 12)
535 3823 624 3903 loqui
649 3822 687 3883 de
712 3820 859 3882 domibus
884 3829 980 3902 atque
1004 3822 1090 3883 villis
1113 3823 1164 3901 „in
1186 3820 1312 3882 urbium
1332 3820 1461 3882 modurn

380 3997 425 4085 Sil)
445 3998 534 4052 Noack
552 3997 568 4049 l.
586 3996 603 4050 l.
623 4014 648 4063 p.
667 3995 727 4050 512.
764 3996 853 4049 Jahrb.
873 3998 897 4050 d.
913 3996 977 4049 Inst.
999 3997 1036 4049 l'l
1055 4014 1079 4063 p.
1100 3999 1115 4050 7
1135 4012 1190 4064 sqq.
1229 3995 1461 4063 Springer·-l[ich.⁷

292 4069 309 4121 l'
329 4068 345 4121 l'
365 4070 529 4205 poolob'unn
547 4140 564 4195 l,
583 4139 600 4195 l.
621 4159 644 4208 p.
665 4141 724 4193 ero.
745 4172 778 4177 -
797 4138 842 4207 91)
862 4139 1079 4206 salma-nau.
1098 4139 1115 4191 l.
1135 4139 1151 4191 t.
1173 4157 1196 4206 p.
1217 4137 1276 4190 ato.

381 4211 426 4272 92>
446 4210 638 4265 Friedlaender.
677 4211 693 4263 l.
713 4212 731 4267 l.
751 4211 805 4263 ΙΙΙ6
824 4228 847 4278 p.
867 4209 903 4263 90
921 4227 959 4278 sq.

381 4283 425 4344 ild)
445 4284 478 4335 ci.
505 4283 568 4334 Hor.
595 4284 635 4336 od.
662 4283 686 4334 ll
714 4282 755 4342 18,
783 4284 859 4335 1-5.
899 4282 969 4347 rna.
1005 4282 1046 4336 IlI
1068 4283 1090 4343 l,
1117 4282 1187 4341 tito.
1224 4281 1306 4347 Epist.
1326 4282 1336 4333 l
1359 4281 1399 4348 10,
1419 4280 1462 4333 22.

292 4352 346 4405 rio.
367 4352 393 4406 ll
413 4356 437 4419 3,
456 4355 499 4407 43.
536 4352 621 4417 1113,
643 4354 674 4406 13
694 4369 750 4421 sqq.
787 4353 865 4422 Prop.
885 4352 969 4414 1112,
989 4354 1005 4407 9
1024 4369 1062 4421 sq.
1083 4352 1120 4405 tv
1141 4354 1164 4419 1,
1184 4351 1219 4406 50
1237 4369 1275 4421 sq.
