3509 5292
652 374 982 434 ,-71-·

294 551 473 633 Angustum
494 551 597 614 edicto
611 551 748 613 vetuisse
767 550 882 632 templa
901 550 961 612 sibi
981 549 1184 628 constitute)
1220 547 1323 610 Immo
1342 564 1466 627 semper

292 657 441 739 permisit
465 665 501 719 ut
523 656 583 719 sibi
607 658 728 719 viventi
752 662 783 718 et
805 656 838 717 in
861 656 1034 737 provinciis
1057 660 1089 717 et
1111 656 1144 716 in
1163 656 1232 736 ipsa
1251 652 1343 716 Italia
1362 652 1465 715 divini

292 765 425 828 honores
448 764 665 827 tribuerentur
687 762 788 825 Roma
811 762 877 825 sola
901 768 1046 845 excepta3
1080 779 1190 824 omnes
1215 779 1289 823 vero
1313 761 1465 839 civitates,

289 872 320 933 in
345 870 465 953 quibus
489 871 665 934 sacerdotes
696 870 746 933 vel
770 870 844 931 fana
867 870 1008 952 Augusti
1037 870 1174 951 primum
1207 868 1352 930 instituta
1382 872 1465 948 sunt,

290 978 369 1040 mari
393 977 617 1055 adiacuiss024)
647 978 721 1039 licet
751 977 918 1039 observare
948 983 1004 1038 aut
1027 976 1167 1038 colonias
1190 974 1229 1036 ab
1253 993 1290 1036 eo
1315 973 1466 1037 deductas

290 1086 336 1148 vel
358 1085 393 1146 in
412 1085 581 1167 praecipua
599 1085 668 1147 eius
687 1084 786 1147 tutela
804 1103 842 1146 ac
860 1081 924 1145 fide
943 1082 1090 1162 fuisse²⁵l
1129 1079 1234 1155 Quare
1253 1080 1465 1143 dubitandum

290 1210 351 1254 non
384 1196 433 1254 est
456 1191 534 1273 quin
559 1189 637 1253 Fani
660 1189 818 1253 Fortunae
846 1190 940 1252 aedes
964 1189 1122 1251 exstiterit
1145 1189 1334 1269 Augusti,²⁶)
1360 1207 1464 1270 quam,

274 1317 363 1360 cum
392 1297 573 1360 Vitruvium
607 1316 672 1359 non
705 1298 748 1359 ita
772 1296 871 1358 multo
897 1302 968 1377 post
989 1316 1015 1357 a.
1042 1298 1080 1357 31
1107 1295 1205 1357 libros
1229 1294 1366 1363 edidisse
1390 1294 1465 1355 mihi

290 1424 476 1487 persuasum
492 1405 533 1467 sit
547 1409 588 1487 (p.
601 1404 662 1484 70),
683 1403 771 1466 brevi
787 1408 858 1485 post
872 1422 899 1464 a.
912 1404 951 1465 27
971 1422 1118 1464 unacum
1130 1402 1259 1464 basilica
1270 1409 1465 1463 exstructam

291 1530 356 1574 esse
374 1511 520 1574 arbitror.
567 1509 679 1593 Neque
698 1529 771 1573 vero
791 1512 823 1571 in
843 1528 881 1571 eo
900 1509 1105 1588 offendamus,
1130 1508 1216 1590 quod
1238 1508 1369 1571 basilica
1389 1528 1463 1570 cum

292 1618 366 1681 aede
395 1620 562 1681 coniuncta
592 1616 698 1697 fuerit,
729 1636 802 1678 curn
831 1616 915 1678 idem
945 1617 979 1677 in
1003 1616 1132 1678 basilica
1155 1616 1293 1696 Augusti
1317 1616 1464 1677 Anniana

290 1724 408 1787 lactum
428 1742 495 1787 esse
508 1725 680 1804 constet.²⁷)
705 1723 798 1785 Brevi
810 1731 913 1785 autem
925 1725 995 1805 post
1004 1743 1029 1783 a.
1042 1724 1082 1784 27
1096 1722 1257 1784 basilicam
1269 1728 1464 1784 exstructam

294 1850 360 1894 esse
383 1831 436 1893 vel
459 1829 533 1893 inde
556 1830 693 1913 colligas,
719 1829 806 1913 quod
828 1830 927 1911 „pilas
951 1830 1029 1891 altas
1052 1828 1146 1911 pedes
1168 1827 1234 1891 Ill‘·
1259 1829 1300 1912 (p.
1322 1830 1394 1908 107,
1414 1830 1454 1890 15

289 1938 321 1999 in
342 1956 380 2001 ea
404 1936 572 2001 Vitruvius
597 1938 760 2019 disposuit,
791 1956 874 2019 quae
899 1936 937 1997 ab
969 1937 1146 1998 architectis
1170 1934 1311 1998 florentis
1335 1936 1460 2018 imperii

289 2052 411 2126 spretae
434 2050 510 2108 suut
532 2044 586 2107 sed
610 2052 778 2107 occurrunt
801 2044 836 2105 in
858 2043 1073 2105 monumentis
1091 2042 1325 2125 antiquioribus
1347 2043 1458 2105 aetatis

290 2152 428 2234 Augusti
447 2151 544 2214 veluti
562 2154 756 2234 Augustae
774 2150 993 2213 Praetoriae
1011 2150 1049 2210 in
1069 2169 1159 2212 arcu
1176 2150 1342 2231 Augusti
1361 2169 1459 2212 anno

290 2278 313 2320 a.
345 2256 426 2320 Chr.
460 2259 507 2320 24
540 2260 797 2334 exstructo.²⁸l
860 2257 997 2319 Eodem
1031 2258 1150 2337 igitur
1182 2256 1261 2319 fere
1293 2263 1463 2339 tempore

291 2364 486 2428 basilicam
511 2364 730 2428 Fanestrem
754 2364 975 2427 aVitrnvio
998 2363 1134 2425 tactam
1163 2382 1244 2425 esse
1266 2363 1359 2426 licet
1383 2382 1468 2426 sus·

291 2472 408 2553 picari
440 2490 544 2554 neque
578 2473 678 2534 multo
711 2481 780 2553 post
813 2491 885 2534 eum
917 2472 1024 2533 decem
1056 2470 1095 2532 de
1125 2471 1335 2532 architectura
1366 2469 1464 2534 libros

292 2578 427 2642 edendos
452 2597 587 2641 curasse.
635 2578 759 2640 Etenim
791 2579 819 2641 si
842 2578 1079 2640 consideramus
1110 2579 1206 2639 totam
1234 2576 1319 2638 illam
1345 2584 1466 2659 partem

291 2684 361 2747 libri
385 2686 489 2767 quinti
512 2686 554 2766 (1,
579 2687 701 2765 6-19)
732 2686 811 2747 nihil
842 2685 926 2746 aliud
959 2686 1021 2747 nisi
1051 2685 1292 2766 descriptionem
1318 2684 1464 2747 basilicae

292 2812 308 2853 a
329 2792 479 2855 Vitruvio
503 2793 693 2855 constitutae
717 2794 877 2854 continere
902 2801 932 2853 et
955 2792 1155 2873 praecedenti
1179 2792 1273 2871 capiti
1298 2792 1330 2872 (ξ
1360 2792 1462 2870 7-5),

293 2899 416 2981 quode
443 2898 579 2962 basilicis
602 2900 634 2960 in
660 2901 844 2962 universum
869 2898 971 2960 abeo
996 2898 1182 2979 disputatur,
1214 2898 1306 2978 quasi
1330 2896 1466 2978 aggluti-

293 3016 392 3068 natam
418 3024 495 3085 esse,
520 3008 626 3069 nescio
646 3026 686 3069 an
706 3008 776 3069 iure
795 3012 970 3069 statuamus
989 3005 1089 3087 ipsam
1112 3003 1198 3065 illam
1219 3012 1337 3085 partem
1355 3003 1464 3065 Vitru-

293 3111 377 3174 vium
396 3118 513 3195 posteo‚
533 3120 701 3195 antequam
712 3114 861 3193 Augusto
879 3131 960 3193 opus
977 3130 1071 3173 suum
1092 3112 1236 3190 mitteret,
1256 3109 1465 3190 addidisse,²⁹)

293 3237 328 3281 ne
350 3238 418 3282 rem
441 3221 713 3302 praetermitteret,
738 3222 829 3282 ouius
855 3221 1044 3281 mentionem
1069 3219 1180 3279 t'ecisse
1204 3219 1305 3299 ipsius
1325 3219 1463 3279 maxime

291 3328 449 3405 intererat,
473 3326 549 3407 quia
572 3346 643 3388 oum
668 3334 699 3389 et
722 3325 901 3388 aedificium
925 3346 944 3388 a
967 3345 1000 3387 se
1024 3331 1242 3387 constructum
1268 3323 1461 3385 memorabat

293 3442 320 3493 et
335 3434 475 3514 Augusti
495 3434 605 3496 aedem
625 3432 702 3495 alibi
719 3453 785 3495 non
806 3440 1023 3511 memoratam,
1047 3437 1078 3494 et
1101 3431 1168 3511 ipse
1191 3430 1251 3493 sibi
1275 3439 1305 3493 et
1320 3432 1469 3511 Augusto

377 3606 423 3661 23)
443 3609 477 3661 cf.
498 3608 527 3661 Ο.
547 3607 709 3661 Hirschfeld.
747 3607 818 3661 S.-B.
833 3607 881 3659 der
893 3606 963 3659 Berl.
978 3606 1058 3658 Akad.
1078 3604 1147 3658 1888
1165 3621 1191 3671 p.
1207 3604 1260 3657 838
1275 3620 1331 3672 sqq.
1360 3605 1468 3659 Gardth.

297 3677 316 3729 l¹
335 3696 359 3747 p.
370 3678 422 3732 467
433 3694 471 3746 sq.
492 3679 517 3732 1²
536 3696 559 3746 p.
571 3678 623 3733 252
634 3696 672 3746 sq.
710 3679 750 3731 De
771 3679 853 3730 Dione
873 3679 927 3746 (51,
937 3677 982 3741 29)
1002 3689 1028 3729 et
1047 3676 1118 3730 Suet.
1132 3681 1200 3744 Aug.
1212 3675 1246 3728 52
1266 3676 1301 3728 ct.
1322 3676 1469 3728 Mommsen

295 3748 399 3804 Staatsr.
418 3750 459 3803 Π3
477 3768 501 3818 p.
523 3753 572 3805 757
593 3769 618 3803 n.
638 3782 672 3789 -
691 3750 736 3815 24)
757 3750 864 3802 Gardth.
885 3749 901 3801 l.
921 3748 938 3803 l.
959 3780 992 3789 —
1011 3747 1056 3815 25)
1078 3747 1232 3800 Hirschfeld
1253 3746 1268 3800 l.
1290 3748 1306 3801 l.

377 3820 423 3887 26)
443 3822 536 3889 Neque
555 3822 581 3873 id
601 3822 735 3889 accipiam,
760 3821 829 3889 quod
847 3821 969 3887 'lannery
989 3820 1090 3888 (Revue
1108 3819 1141 3871 de
1163 3817 1251 3885 philol.
1274 3819 1341 3872 1897
1362 3836 1386 3887 p.
1407 3817 1469 3886 125)

294 3892 411 3959 probavit
429 3909 476 3961 pro
496 3893 584 3959 „aedis
603 3892 733 3961 Augustit‘
753 3892 921 3944 scribendum
941 3908 999 3944 esse
1019 3890 1109 3957 „aedis
1130 3890 1274 3942 Romaest
1293 3890 1431 3958 Augusti‘.

378 3963 425 4032 27)
444 3964 523 4017 P-W.
544 3964 584 4017 ΠΙ
604 3981 626 4017 c.
646 3963 680 4016 92
700 3963 791 4032 (Mau).

379 4034 425 4101 28)
444 4035 610 4090 Studniczlra.
648 4035 793 4101 Tropaeum
812 4034 924 4087 Traiani.
963 4051 988 4101 p.
1009 4034 1052 4089 34.

310 4173 315 4185 .
378 4105 424 4175 29)
444 4121 593 4175 prosopogr.
610 4106 671 4174 imp.
686 4106 761 4159 idom.
779 4105 820 4158 ΙΠ
839 4123 864 4173 p.
879 4108 930 4159 457
950 4122 990 4157 nr.
1010 4103 1062 4158 526
1082 4103 1171 4169 „locus
1191 4103 1234 4157 ille
1252 4108 1343 4171 postea
1362 4104 1466 4156 additus

297 4183 328 4228 sit
344 4192 454 4231 necesse
473 4188 513 4231 est
524 4181 539 4207 “
