3509 5292
772 549 983 609 -31-

288 726 484 787 accuratiora
505 725 725 807 cognovimus3
750 724 789 787 de
807 724 885 787 aede
904 731 1008 787 autem
1028 723 1167 786 Palladis
1187 722 1357 801 Minervae,
1381 742 1464 804 quae

289 837 358 893 erat
382 830 474 893 Sunii
500 832 588 912 (101,
612 831 673 912 21),
701 849 783 912 quae
807 830 976 893 Vitruvius
1006 831 1155 913 disputat,
1186 830 1272 912 quod
1299 849 1363 892 non
1389 848 1464 891 con-

290 939 424 999 veniunt
456 957 527 999 oum
563 939 616 1017 eis,
654 956 735 1020 quae
768 936 860 1000 nobis
893 944 1035 1000 servatae
1068 942 1151 1017 sunt,
1187 937 1330 1018 reliquiis
1362 954 1466 1017 nuper

289 1044 412 1107 effossis
428 1046 477 1125 ³7),
508 1046 567 1107 hoo
597 1044 780 1106 auctoribus
809 1045 940 1106 fortasse
965 1046 1033 1106 eius
1059 1045 1135 1105 vitio
1159 1043 1297 1105 dandum
1323 1048 1378 1122 est,
1409 1045 1465 1125 qui

289 1171 372 1233 quos
397 1153 552 1233 imprimis
574 1159 703 1214 secutus
730 1153 771 1214 sit
803 1158 947 1213 auctores
974 1169 1071 1233 supra
1095 1150 1303 1233 exposuimus
1331 1151 1373 1231 (p.
1399 1148 1463 1230 20).

380 1276 448 1338 Illis
481 1276 614 1358 templis,
648 1295 782 1357 quorum
816 1276 944 1338 nomina
976 1283 1008 1338 et
1039 1276 1281 1357 descriptionem
1315 1274 1465 1337 exhibent

289 1383 364 1444 libri
387 1381 437 1445 ΙΙΙ
461 1388 490 1445 et
509 1382 565 1460 IV,
589 1382 792 1465 adiungenda
816 1387 864 1445 est
887 1401 928 1444 ex
951 1381 1032 1445 libro
1056 1383 1188 1465 septimo
1212 1380 1306 1443 aedos
1330 1380 1463 1444 Florae

288 1489 490 1572 (1117913),
515 1509 611 1571 quam
635 1490 729 1551 etiam
749 1488 851 1551 Varro
875 1495 1101 1552 commemorat
1123 1490 1157 1549 in
1181 1488 1270 1550 libris
1294 1488 1333 1550 de
1355 1488 1464 1569 lingua

289 1595 403 1658 Latina
426 1596 469 1677 (V
494 1597 544 1674 32,
572 1597 653 1675 158),
678 1597 734 1678 qui
757 1597 866 1678 scripti
891 1602 966 1658 sunt
989 1597 1081 1657 annis
1104 1596 1146 1657 46
1171 1598 1202 1659 et
1224 1596 1323 1673 4538)

381 1719 499 1783 Omnes
519 1722 615 1803 igitur
634 1720 727 1783 aedes
746 1740 859 1799 sacras,
881 1740 1015 1803 quarum
1033 1720 1097 1782 fata
1115 1721 1294 1782 accuratius
1311 1738 1465 1803 cognosse

289 1831 397 1889 nostra
429 1828 586 1906 intererat,
615 1833 785 1910 postquam
817 1829 1064 1909 percensuimus,
1096 1828 1171 1889 satis
1194 1832 1331 1909 apparet,
1362 1826 1464 1904 credo,

289 1934 369 1995 nihil
401 1952 469 1996 esse
500 1952 621 2013 causae,
653 1935 733 2016 quin
763 1933 806 1996 de
837 1935 892 1995 eis
923 1935 1024 2012 haec,
1056 1953 1149 2016 quae
1180 1933 1289 1995 nobis
1312 1939 1465 2015 praesto

288 2042 390 2119 sunt,
418 2040 633 2106 Vitruvium
659 2044 731 2102 iarn
750 2044 836 2102 ante
857 2042 902 2102 31
927 2040 1096 2103 scribere
1119 2041 1295 2123 potuisse
1319 2048 1464 2102 statua·

288 2166 377 2209 mus.
424 2146 538 2229 Neque
562 2149 594 2209 in
619 2148 674 2227 eis,
699 2165 781 2228 quae
805 2147 885 2209 libro
910 2149 1003 2209 tertio
1027 2153 1059 2209 et
1083 2155 1194 2229 quarto
1220 2148 1252 2207 in
1280 2149 1465 2209 universum

288 2254 422 2336 exponit
450 2254 488 2316 de
517 2254 650 2316 diversis
674 2253 840 2317 ordinibus
864 2253 957 2315 etde
980 2253 1107 2316 aedium
1131 2273 1292 2316 sacrarum
1320 2254 1466 2315 instituta

288 2361 420 2442 ratione,
451 2360 718 2441 exaedificatione,
749 2362 846 2439 cultu,
878 2360 1054 2443 quidquam
1077 2362 1215 2440 invenio,
1240 2360 1324 2442 quod
1348 2359 1387 2423 ab
1411 2360 1465 2422 illa

289 2473 392 2529 aetate
415 2467 583 2531 abhorrere
608 2467 759 2530 videatur.

379 2573 481 2636 lmmo
506 2595 576 2637 cum
603 2574 641 2637 de
666 2574 798 2637 aedibus
823 2574 970 2637 rotundis
993 2593 1156 2657 exponens
1175 2573 1234 2655 (IV
1253 2575 1284 2654 8)
1309 2574 1373 2636 duo
1397 2583 1465 2636 tau-

288 2692 357 2742 tum
391 2700 499 2743 earum
532 2700 648 2763 genera
681 2667 847 2761 describat,
885 2685 1115 2762 monopterum,
1148 2682 1239 2743 ouius
1272 2681 1464 2763 exemplum,

290 2806 485 2870 quamquam
526 2788 593 2869 ipse
634 2787 759 2850 nullum
797 2788 923 2870 profert,
968 2806 1157 2869 cognoscere
1198 2788 1272 2850 licet
1313 2789 1465 2870 templum

290 2894 431 2976 Augusti
455 2896 486 2956 et
509 2892 627 2957 Romae
650 2897 682 2956 in
708 2914 779 2958 arce
802 2896 1000 2957 Athenarum
1029 2894 1182 2974 situm,⁸⁹)
1211 2903 1242 2957 et
1263 2897 1466 2977 peripterum,

289 3000 384 3082 quale
417 3007 465 3063 est
497 3002 659 3083 templum,
694 3002 779 3085 quod
812 3002 929 3063 dicitur
958 3001 1082 3080 Vestae,
1112 3000 1220 3062 Tiburi
1253 3002 1358 3082 situm,
1390 2999 1465 3064 inde

288 3105 434 3189 colligam
454 3106 662 3170 Pantheum
688 3111 716 3170 ei
737 3116 816 3169 tunc
840 3107 984 3169 nondum
1009 3117 1120 3169 notum
1138 3107 1245 3188 fuisse,
1269 3108 1354 3189 quod
1373 3109 1465 3170 tertio

290 3214 415 3275 cuidam
445 3215 554 3296 generi
578 3214 704 3276 aedium
733 3214 941 3277 rotundarum
952 3215 991 3295 40)
1021 3213 1257 3277 attribuendum
1287 3220 1342 3293 est,
1371 3215 1465 3277 cuius

289 3321 387 3383 cellae
410 3322 514 3403 paries
544 3322 575 3382 in
604 3319 709 3384 fronte
737 3310 859 3384 tantum
890 3324 1047 3404 porticum
1081 3321 1217 3397 exbibet,
1248 3322 1389 3384 ceterum
1414 3341 1465 3383 co·

289 3428 471 3515 lumnarum
503 3435 617 3490 ornatu
648 3431 813 3505 vacare)-
841 3427 925 3490 Nam
952 3431 1008 3490 vix
1037 3428 1188 3490 credibile
1217 3428 1330 3490 ducam
1354 3428 1464 3491 Vitru-

290 3536 378 3596 vium
396 3536 454 3595 boc
470 3554 570 3616 genus
582 3543 612 3597 et
621 3535 920 3616 splendidissimum
935 3538 1003 3598 eius
1018 3536 1181 3617 exemplar
1198 3554 1328 3617 prorsus
1339 3536 1464 3597 silentio

289 3642 496 3704 transiturum
506 3642 615 3723 fuisse,
632 3644 657 3705 si
671 3650 743 3725 post
753 3644 803 3725 21,
819 3662 884 3724 quo
901 3662 984 3705 anno
1002 3642 1179 3704 dedicatum
1198 3646 1244 3704 est
1260 3641 1299 3703 ab
1312 3642 1465 3725 Agrippa,

290 3746 362 3829 (Dio
389 3750 439 3828 53,
464 3749 515 3827 27,
540 3752 567 3810 2.
616 3747 647 3811 Ο.
671 3749 688 3811 Ι
712 3748 744 3811 L.
769 3749 816 3811 VI
840 3751 916 3829 896)
940 3749 1125 3831 scripsisset.

379 3853 467 3928 Quae
492 3856 530 3917 de
554 3856 663 3919 ordine
687 3855 804 3920 Dorico
828 3858 859 3919 et
883 3856 922 3918 de
945 3857 1081 3938 capitulo
1105 3854 1267 3918 Corinthio
1292 3854 1461 3916 Vitruvius

290 3961 449 4043 praecipit,
467 3962 632 4025 referenda
650 3969 726 4025 sunt
745 3964 844 4046 magis
865 3963 903 4025 ad
923 3969 1127 4026 monumenta
1136 3962 1350 4025 Romanorum
1369 3952 1465 4043 quam

378 4137 423 4204 ar)
442 4130 547 4208 Ἐφημ.
579 4130 641 4207 ᾱρχ,
679 4137 748 4193 1eoo
766 4154 791 4204 p.
813 4136 871 4191 123.
894 4137 952 4191 129.
972 4169 1007 4178 -
1025 4138 1070 4197 aa
1088 4094 1193 4190 unirer.
1212 4137 1296 4204 praef.
1315 4153 1340 4203 p.
1357 4136 1391 4191 r.

379 4208 424 4277 39)
444 4208 552 4261 Iudeich
571 4207 588 4265 l.
602 4208 619 4263 l.
634 4226 659 4276 p.
674 4208 735 4264 235.
759 4209 852 4277 Durm,
868 4209 1023 4276 „Baulrunst
1036 4210 1084 4262 der
1096 4208 1231 4261 Rlimer“²
1259 4207 1335 4261 1905.
1366 4226 1390 4276 p.
1402 4208 1463 4262 548.

377 4280 423 4344 40)
442 4296 504 4332 narn
517 4281 589 4333 aedis
603 4296 678 4333 sacra
695 4280 752 4334 sine
766 4280 845 4333 dubio
859 4281 923 4346 iuit3
943 4281 978 4334 ci.
992 4280 1094 4334 Becker
1108 4298 1133 4349 p.
1148 4280 1207 4334 634.
1245 4279 1331 4332 Maass
1350 4280 1464 4348 „Tages-

290 4350 516 4419 goderuna.
536 4350 677 4405 d.Prov.“
715 4351 784 4406 1902
803 4369 829 4420 p.
848 4351 900 4405 281
920 4368 976 4419 sqq.
1005 4382 1038 4391 -
1066 4352 1112 4420 41)
1133 4353 1216 4404 Durm
1234 4349 1251 4404 1.
1271 4349 1289 4403 l.
1308 4368 1333 4419 p.
1353 4351 1404 4404 54ῖ
1424 4367 1464 4418 sq.
