3509 5292
778 550 976 611 ..3-

291 728 332 790 M.
366 727 506 790 Vitruvii
539 725 691 788 Pollionis
725 713 769 787 de'
797 725 1019 788 Architectura
1056 725 1127 787 libri
1156 724 1190 787 X
1227 724 1266 787 ad
1296 722 1462 787 Gaesarem

291 834 503 917 Augustum.“
530 831 742 895 Phil-ander
760 833 845 894 enim
865 851 928 893 non
948 833 1071 914 primus
1089 832 1150 894 hoc
1166 832 1248 911 fecit,
1269 850 1463 913 quamquam

290 960 401 1003 verum
426 947 472 1003 est
496 959 567 1003 eum
592 941 623 1001 in
648 938 790 1002 Vitruvii
821 940 892 1000 vita·
914 958 955 1001 ox
982 940 1051 1021 ipso
1079 957 1172 1020 opere
1200 938 1339 1018 collecta,
1368 957 1464 1020 qnam

288 1046 549 1111 annotationibus
572 1047 640 1109 suis
658 1047 691 1108 in
703 1045 887 1108 Vitruvium
906 1046 1104 1128 praemisit,⁷)
1123 1046 1208 1107 hunc
1226 1045 1367 1126 Augusti
1386 1050 1465 1106 tem-

290 1153 421 1236 poribus
459 1152 644 1217 adscribere.
702 1152 723 1216 J
726 1172 782 1215 ure
823 1154 922 1233 igitur
962 1152 1160 1215 Perraultius
1206 1158 1335 1234 propter
1375 1152 1462 1213 hunc

290 1279 427 1323 errorem
451 1280 470 1322 a
491 1259 611 1323 Poleno
636 1260 653 1321 l.
673 1260 692 1321 l.
716 1260 921 1342 vituperatur.
969 1257 1060 1334 Quod
1092 1278 1186 1341 porro
1218 1258 1296 1321 dicit
1321 1258 1462 1320 Polenns

288 1368 341 1448 „in
357 1368 561 1429 annotatione
577 1374 680 1428 antem
697 1367 806 1429 eadem
822 1366 931 1429 scribit
943 1365 1141 1430 Perraultius
1159 1366 1283 1449 placere
1301 1364 1464 1446 aliquibus

290 1473 474 1536 Vitruvium
498 1472 566 1535 Tito
593 1472 690 1536 libros
717 1492 793 1535 suos
816 1474 1062 1554 nuncupavisse,
1092 1476 1212 1535 utinam
1241 1472 1311 1534 illos
1335 1471 1461 1553 aliquos

291 1581 526 1657 nominavisset,
550 1599 687 1661 quorum
713 1598 771 1660 ego
799 1580 943 1641 notitiam
972 1580 1117 1642 invenire
1144 1598 1208 1641 non
1237 1579 1352 1662 potuit,
1383 1579 1462 1641 haec

291 1686 461 1749 Perraultii
485 1685 581 1748 verba
603 1688 638 1747 in
662 1704 732 1748 meo
756 1686 930 1769 exemplari
949 1687 1025 1748 anni
1046 1686 1131 1748 1673
1151 1704 1215 1748 non
1235 1686 1352 1765 inveni,
1377 1684 1464 1747 unde

288 1794 429 1875 suspicio
457 1794 534 1854 mihi
562 1794 663 1854 oritur
690 1791 843 1855 Polenum
868 1792 1035 1856 Perraultii
1065 1791 1183 1855 librum
1214 1790 1461 1854 emendatiorem

289 1906 322 1963 et
353 1900 526 1962 auctiorem
558 1900 634 1961 anni
666 1899 752 1961 1684
780 1899 933 1961 manibus.
959 1900 1112 1979 tenuisse,
1146 1900 1201 1981 qui
1234 1899 1310 1961 mihi
1339 1906 1463 1981 praesto

289 2026 353 2068 non
379 2011 435 2069 est.
481 2004 542 2068 Sed
566 2011 638 2068 utut
661 2011 716 2085 est,
740 2006 767 2067 si
787 2005 983 2068 Perraultius
1002 2012 1086 2069 recte
1105 2006 1164 2068 hoc
1182 2006 1464 2086 animadvertisset,

287 2112 431 2195 ,placere
462 2112 624 2194 aliquibus
657 2111 839 2174 Vitruvium
871 2112 939 2175 Tito
971 2111 1069 2175 libros
1101 2132 1176 2175 suos
1208 2112 1461 2194 nuncupavisse‘

287 2224 454 2301 appareret
485 2220 674 2282 sententiam
701 2218 790 2280 illam
822 2219 1004 2300 nuperrime
1037 2219 1142 2282 denuo
1183 2218 1355 2301 probatam,
1400 2238 1464 2300 qua

290 2325 457 2389 Vitruvius
479 2324 541 2388 Titi
564 2327 656 2388 aetati
688 2326 881 2405 attribuitur,
910 2326 1128 2407 perantiquam
1152 2344 1234 2404 esse3
1267 2344 1462 2407 quamquam

288 2452 362 2495 cum
386 2434 461 2496 haec
484 2433 642 2496 sententia
664 2432 793 2514 Poleno,
822 2433 997 2495 litterarum
1023 2431 1293 2511 Vitruvianarum,
1324 2438 1360 2494 ut
1389 2438 1462 2494 ante

288 2540 366 2618 dixi,
396 2539 605 2603 scientissimo
635 2558 699 2602 non
729 2540 912 2619 innotuerit,
941 2539 1111 2602 Porraultii
1141 2538 1238 2602 verba
1266 2541 1298 2601 in
1330 2539 1462 2602 dubium

289 2664 402 2708 vocare
425 2645 539 2709 licebit,

379 2750 539 2826 Quantum
564 2771 622 2835 ego
645 2772 709 2816 rem
733 2754 911 2835 perspicere
934 2754 1032 2835 potui,
1056 2752 1240 2816 Vitruvium
1265 2771 1345 2834 opus
1365 2772 1462 2816 sirum

289 2860 437 2939 Augusto
461 2858 622 2921 dedicasse
645 2866 751 2942 aperte
773 2860 837 2921 iam
860 2860 1066 2942 inscriptione
1096 2860 1257 2921 indicatur
1280 2860 1370 2921 utin
1396 2859 1463 2922 edi·

287 2964 431 3027 tionibus
449 2966 560 3047 primis
582 2966 626 3027 ita
649 2966 687 3027 in
712 2967 882 3030 editione
907 2967 1225 3049 Argentoratensi
1248 2967 1336 3027 anni
1362 2966 1461 3028 1543

287 3071 345 3154 (tl.
369 3070 510 3135 Vitruvii
539 3073 601 3133 viri
631 3091 707 3135 suae
733 3072 941 3155 professionis
968 3074 1149 3156 peritissimi
1177 3073 1216 3135 de
1239 3071 1462 3134 Architectura

287 3178 363 3241 libri
383 3177 417 3242 X
440 3179 480 3241 ad
505 3181 685 3261 Augustum
710 3177 875 3241 Caesarem
899 3179 1136 3242 accuratissime
1158 3178 1340 3261 conscripti)
1363 3176 1462 3261 Lug-

287 3286 449 3348 dunensi
480 3286 570 3347 anni
603 3286 701 3348 1552
735 3283 789 3366 (M.
819 3284 958 3348 Vitruvii
988 3284 1141 3348 Pollionis
1171 3285 1210 3348 de
1240 3286 1462 3348 Architectura

287 3391 360 3455 libri
379 3390 411 3454 X
436 3392 475 3455 ad
494 3390 659 3455 Caesarem
679 3393 861 3473 Augustum
886 3392 1033 3475 o.q.s.)⁸)
1056 3393 1096 3454 in
1119 3393 1297 3455 versione
1319 3391 1461 3455 Italica

287 3496 430 3561 Oiserani
441 3499 464 3578 ⁹)
488 3497 599 3577 (Novis
609 3496 715 3562 Oomis
729 3518 756 3561 a.
776 3499 870 3580 1521,
885 3500 917 3562 in
932 3498 1126 3581 praefatione
1135 3499 1311 3581 Augustini
1321 3496 1404 3561 Galli
1421 3499 1460 3561 ad

287 3604 492 3667 Franciscum
516 3604 702 3681 Valesium).
747 3606 856 3688 Atque
889 3606 917 3667 si
949 3605 1153 3687 adiungimus
1181 3606 1275 3668 etiam
1306 3603 1462 3667 Philan·

287 3710 408 3788 drum,
433 3710 644 3794 Baldum,¹⁰)
667 3692 862 3794 Polenum,
886 3710 1120 3793 Reinesium,
1143 3709 1460 3793 Mercurialomll)

378 3852 404 3913 a
424 3850 491 3903 cun.
515 3850 649 3904 amanam·
668 3819 811 3907 casarum
837 3851 904 3904 carn
929 3851 995 3904 aas
1019 3850 1129 3904 nimau
1155 3850 1183 3903 in
1201 3852 1293 3904 necem
1311 3850 1404 3904 nnus
1423 3850 1459 3907 u.

287 3920 551 4047 {ptpquiilgpplicnis
578 3924 611 3976 de
636 3923 820 3976 Architectura
844 3924 1034 3976 Annotationes
1060 3922 1093 3977 ad
1120 3922 1289 3976 Ehanciscum
1315 3921 1460 3979 Valesium.

376 4063 404 4128 8)
423 4063 514 4117 Poloni
532 4065 651 4118 exercitt.
670 4063 738 4119 Vitr.
757 4063 814 4133 lp.
834 4066 877 4131 43,
899 4064 940 4119 70.

377 4134 404 4202 9)
422 4134 566 4189 Schneider
583 4136 610 4186 in
628 4135 688 4190 edit.
707 4150 771 4189 suae
789 4135 873 4203 praei.
893 4135 1005 4204 (lipsiae
1025 4135 1104 4203 1807)
1123 4153 1148 4204 p.
1163 4134 1345 4189 XVI-XXI.
1368 4135 1461 4189 Polen.

218 4281 223 4288 ·
286 4204 306 4259 L
325 4203 342 4257 l'
361 4204 611 4343 pulbilhaaa
628 4275 752 4331 Pollionis
768 4262 826 4330 'vra
843 4277 991 4345 aucupa
1008 4292 1024 4330 a
1042 4277 1203 4331 semmaa
1221 4278 1304 4332 narro
1322 4278 1460 4332 Urbinate.

286 4346 324 4400 ci.
343 4345 433 4400 Polen.
469 4346 488 4401 l.
505 4346 568 4402 1.ss
586 4365 612 4416 p.
632 4348 681 4404 151
702 4362 758 4416 sqq.

378 4418 422 4477 11)
440 4418 529 4473 Polen.
566 4417 583 4471 l.
602 4416 619 4471 l.
638 4435 664 4486 p.
684 4420 744 4474 157.
763 4435 789 4474 n.
810 4420 851 4475 10.

1431 4456 1462 4509 1*
