3509 5292
778 542 988 603 -36,

297 738 338 780 ue
363 719 498 781 nimium
521 719 713 781 concluserit
736 738 777 781 ex
801 718 963 781 Plutarchi
986 717 1040 781 illo
1067 718 1246 780 testimonio
1271 716 1393 799 (Pomp.
1417 718 1466 791 42>

297 845 338 887 sc.
364 826 478 889 theatri
502 826 723 906 Mytilenensis
748 831 875 908 aspectu
901 825 1087 907 Pompeium
1118 832 1311 887 commotum
1341 843 1409 887 esse
1430 825 1465 885 ad

299 952 393 995 suum
418 934 574 995 theatrum
599 933 841 1009 exstruendum,
868 952 932 1015 quo
952 935 1034 994 enim
1055 951 1170 1014 genere
1189 932 1219 993 id
1240 932 1465 994 exstruendum

300 1042 466 1121 curaverit,
498 1046 604 1103 utrum
629 1039 806 1121 „Romano‘
837 1061 877 1101 an
901 1039 1056 1119 „Graeco‘
1081 1040 1131 1101 vel
1156 1025 1468 1118 ‚praem-Romani

296 1146 415 1226 iecerit,
438 1147 513 1209 inde
536 1166 599 1208 non
624 1152 761 1229 apparet.

388 1252 533 1316 Ceterum
567 1252 792 1336 Doerpfeldius
834 1253 1005 1316 arbitratur
1045 1254 1113 1315 sine
1154 1252 1252 1315 dubio
1288 1252 1467 1314 Vitruvium

297 1360 462 1442 scripsisse
486 1362 569 1422 cirea
593 1380 712 1423 anuum
740 1363 789 1441 17,
816 1380 889 1423 cum
914 1360 1010 1423 verba
1033 1361 1101 1423 eius
1125 1360 1266 1422 conferat
1289 1379 1364 1422 cum
1389 1358 1469 1422 ludis

296 1466 512 1529 saecularibus
531 1469 606 1529 anni
627 1469 683 1544 rv;
709 1487 792 1549 quae
815 1487 892 1529 num
918 1467 1052 1529 conferri
1076 1467 1219 1548 debeant,
1243 1467 1377 1529 mihime
1399 1484 1469 1527 con·

296 1581 380 1635 stare
403 1574 658 1651 iudicaverIm.⁶⁹)

385 1679 472 1754 Quae
502 1681 541 1742 ad
572 1682 777 1763 antiquitates
810 1682 970 1743 scaenicas
1000 1682 1166 1763 pertinent,
1198 1682 1303 1764 aptius
1334 1681 1467 1744 tribuam

295 1789 461 1869 proximae
484 1789 574 1869 parti,
609 1807 707 1869 quare
731 1788 769 1850 de
793 1788 924 1850 theatris
948 1788 1027 1849 nihil
1050 1788 1230 1850 addendum
1256 1807 1324 1851 esse
1348 1807 1468 1850 censeo,

296 1893 404 1955 Pauca
436 1901 558 1956 tautum
591 1895 683 1956 liceat
721 1895 759 1956 de
792 1914 829 1957 ea
861 1913 895 1956 re
927 1894 1075 1977 profiteri,
1113 1895 1197 1977 quod
1230 1894 1400 1957 Vitruvius
1432 1894 1467 1955 de

298 2001 590 2083 amphitheatris
614 2003 691 2063 nihil
716 2004 861 2083 exponit3
888 2000 1082 2083 quodcnim
1105 2021 1222 2064 nomen
1246 2002 1467 2085 amphitheatri

296 2109 399 2188 (p.30,
414 2109 464 2187 12)
488 2115 649 2187 memorat,
675 2110 733 2170 hoc
757 2110 879 2171 nullius
899 2117 946 2171 est
965 2110 1129 2184 momenti;
1156 2128 1348 2190 quamquam
1373 2110 1467 2170 inter·

294 2234 366 2296 pres
396 2213 538 2277 Vitruvii
570 2216 774 2277 Britannicus
803 2215 1056 2292 Newtonus⁷⁰t
1089 2216 1163 2277 olim
1194 2214 1365 2294 contendit,
1396 2234 1466 2278 cum

294 2320 463 2384 Vitruvius
496 2323 534 2384 de
561 2324 799 2404 amphitheatris
827 2323 923 2385 verba
954 2323 1077 2401 faceret,
1111 2324 1180 2384 eius
1214 2327 1314 2384 aetate
1347 2322 1467 2404 amphi-

293 2427 419 2489 theatra
438 2428 557 2492 Romae
576 2435 649 2491 nota
669 2435 700 2491 et
718 2429 903 2511 pervulgata
923 2430 1034 2506 fuisse,
1060 2431 1148 2511 atqui
1168 2448 1241 2492 cum
1259 2428 1321 2490 Titi
1341 2429 1465 2490 demum

292 2544 396 2599 aetate
421 2537 479 2597 hoc
502 2536 617 2597 factum
643 2543 733 2617 esset,
758 2537 854 2598 huius
878 2536 1073 2618 temporibus
1093 2536 1278 2599 Vitruvium
1298 2537 1419 2598 vixisse
1437 2537 1469 2597 et

293 2644 466 2725 scripsisse.

383 2748 475 2824 Quod
504 2757 724 2831 argumentum
756 2749 903 2831 pluribus
936 2750 974 2811 de
1005 2751 1109 2813 causis
1139 2751 1312 2812 absurdum
1344 2757 1375 2812 et
1404 2752 1466 2811 iam

292 2856 332 2918 ab
366 2856 472 2919 Hirtio
486 2858 521 2935 ⁷⁰)
568 2857 739 2918 refutatum
777 2863 837 2933 est3
882 2859 973 2938 quasi
1008 2857 1174 2921 Vitruvius
1212 2876 1334 2939 semper
1369 2856 1465 2920 solam

293 2964 405 3026 urbem
443 2965 642 3045 spectaverit!
694 2984 789 3046 quam
828 2966 974 3045 quavas
1011 2970 1156 3026 accurate
1192 2965 1324 3044 noverit,
1361 2971 1463 3026 tamen

293 3070 387 3133 Italia
411 3090 539 3152 quoque
563 3072 715 3152 superior,
744 3072 843 3133 unde
872 3072 1060 3133 oriundus
1084 3072 1156 3134 t'uit
1178 3073 1261 3133 siue
1285 3070 1467 3150 dubiost}

294 3176 376 3238 bene
400 3178 524 3258 cognita
548 3178 577 3238 ei
601 3184 674 3257 erat,
706 3183 737 3239 et
761 3178 800 3240 de
824 3178 973 3240 inferiore
997 3178 1034 3239 ab
1059 3178 1241 3241 auctoribus
1264 3180 1332 3240 suis
1360 3178 1464 3240 doceri

293 3284 404 3365 potuit,
438 3285 531 3345 sicuti
564 3284 591 3346 h.
624 3284 642 3345 l.
675 3285 831 3367 imprimis
864 3284 1000 3347 Graecas
1033 3284 1127 3347 urbes
1157 3284 1293 3368 Magnae
1318 3283 1467 3348 Graeciae

296 3396 424 3472 spectat,
449 3390 533 3471 quod
557 3410 627 3452 cum
653 3390 721 3452 aliis
745 3391 841 3454 rebus
865 3398 932 3453 tum
952 3410 988 3453 eo
1008 3391 1167 3474 probatur,
1192 3391 1276 3474 quod
1300 3392 1339 3454 de
1361 3411 1463 3473 gym-

291 3498 414 3558 nasiis
438 3497 589 3579 loquitur,
622 3516 703 3579 quae
728 3517 808 3578 „nou
832 3497 960 3560 Italicae
984 3505 1059 3560 sunt
1081 3498 1337 3561 consuetudinis*
1361 3499 1412 3582 (cf.
1435 3519 1464 3581 p.

294 3604 365 3684 121,
393 3604 438 3685 1);
472 3614 566 3685 atque
596 3606 627 3665 in
660 3603 768 3666 multis
793 3604 982 3687 Campaniae
1012 3605 1146 3667 urbibus
1176 3606 1275 3669 veluti
1302 3604 1466 3688 Pompeiis

293 3711 324 3772 et
347 3708 473 3793 Capuae
497 3711 724 3794 amphitheatra
747 3712 870 3793 lapidea
893 3713 954 3773 iam
979 3713 1034 3774 diu
1058 3712 1233 3776 exstabant.
1247 3713 1285 3793 72)

381 3816 504 3879 Deinde
523 3837 615 3879 nemo
627 3817 808 3879 Vitruvium
830 3820 959 3880 omnino
980 3820 1209 3901 amphitheatra
1226 3820 1355 3882 novisse
1369 3825 1465 3901 negat

291 3923 436 3999 (verbum
456 3924 677 4006 amphitheatri
696 3926 723 3985 h.
744 3925 762 3986 l.
782 3925 920 4005 primum
941 3927 1104 4005 occurrit),
1128 3928 1229 4009 prima
1248 3926 1333 3987 enim
1344 3924 1463 3989 Romae

379 4063 423 4130 69)
443 4064 477 4115 cf.
506 4079 572 4129 quae
606 4071 696 4116 contra
730 4064 926 4131 Doerpfeldimn
958 4067 1064 4133 scripsit
1094 4066 1187 4118 Ericus
1214 4066 1310 4118 Bethe:
1348 4066 1463 4119 Hermes

288 4133 416 4187 XXXIII
434 4151 459 4201 p.
479 4135 530 4188 313
550 4150 606 4201 sqq.
643 4134 767 4187 XXXVI
787 4152 811 4201 p.
831 4136 882 4189 597
903 4152 958 4203 sqq.

380 4204 423 4272 10)
442 4207 475 4257 cf.
496 4224 520 4273 p.
540 4207 564 4259 ὁ.
585 4237 619 4243 -
639 4208 682 4272 71)
702 4208 736 4258 ci.
756 4206 860 4259 Nissen.
898 4207 989 4276 Pomp.
1009 4208 1082 4265 Stud,
1103 4225 1126 4275 p.
1148 4207 1206 4261 109.

379 4275 423 4344 52)
443 4276 634 4329 Friedlaender.
673 4277 848 4345 Sittengesch,
867 4278 912 4331 II⁸
939 4296 964 4346 p.
991 4279 1043 4333 558
1068 4295 1124 4346 sqq.
1170 4280 1233 4331 hIau
1268 4278 1406 4348 „Pompeji
1433 4280 1460 4331 in

287 4346 377 4400 Leben
395 4347 450 4399 und
468 4348 572 4400 Kahat*
591 4365 616 4414 p.
638 4348 688 4402 196
707 4364 745 4416 sq.
