3509 5292
767 535 978 595 -57-

288 712 371 774 solos
391 712 590 794 Apollinares
610 718 641 775 et
661 713 797 773 minores
816 712 909 773 ludos
933 711 1070 791 ederant,
1095 710 1243 773 omnibus
1265 710 1350 772 ludis
1373 728 1465 791 prae-
1536 734 1540 741 ·

288 824 394 881 essent
424 825 520 901 atque
550 819 665 882 aediles
695 819 787 881 ludos
816 838 879 879 non
904 819 967 881 nisi
989 817 1160 880 voluntarii
1184 821 1280 899 atque
1303 817 1467 880 rarissime

289 931 438 988 curarent
462 925 513 1007 (ct.
537 924 598 988 Dio
624 927 674 1007 54,
699 927 733 1002 83
760 926 823 987 vita
847 924 1078 987 Gordianorum
1103 925 1142 1003 3).
1180 923 1344 986 Habemus
1366 921 1467 1005 igitur

290 1032 369 1094 duas
403 1033 599 1095 coniectandi
632 1052 733 1113 ansas,
768 1052 873 1111 unam,
907 1051 969 1113 qua
992 1030 1176 1093 Vitruvium
1210 1032 1285 1092 haec
1316 1037 1389 1092 ante
1413 1031 1465 1110 29,

288 1138 427 1218 alteram,
452 1160 515 1222 qua
539 1144 611 1202 ante
635 1140 676 1201 22
700 1140 863 1221 scripsisse
882 1138 1042 1220 probatur,
1067 1157 1147 1220 quas
1169 1139 1213 1199 ita
1232 1138 1468 1218 coniungimuS,

289 1252 324 1308 ut
347 1253 523 1308 statuamus
547 1265 620 1309 eum
644 1246 806 1327 scripsisse
829 1251 901 1307 ante
924 1264 1062 1327 pugnam
1087 1245 1257 1306 Actiacam.

378 1353 466 1415 Adeo
491 1352 628 1435 denique
659 1352 699 1413 ad
723 1371 759 1414 ea
781 1351 1029 1434 interpretanda,
1060 1369 1141 1434 quae
1166 1350 1333 1413 Vitruvius
1364 1350 1466 1413 libro

289 1459 411 1521 altero
450 1459 493 1521 de
531 1466 811 1522 structurarum
849 1458 1056 1541 generibus
1080 1459 1225 1540 »exponit
1261 1458 1309 1537 (cf.
1341 1478 1369 1540 p.
1401 1460 1464 1538 44),

289 1566 375 1628 unde
406 1566 497 1628 facile
529 1586 587 1628 nos
628 1568 795 1629 transitum
834 1584 946 1648 parare
978 1584 1071 1647 posse
1103 1564 1266 1647 adparebit
1298 1566 1337 1627 ad
1370 1567 1469 1647 caput

290 1679 437 1754 quartum
463 1680 493 1735 et
517 1674 555 1735 ad
579 1679 676 1735 totam
701 1674 952 1736 dissertationem
978 1672 1210 1735 absolvendam.

379 1779 632 1860 „Structurarum
652 1799 769 1862 genera
788 1787 862 1843 suut
887 1781 970 1861 haec,
994 1780 1254 1859 reticulatum,
1279 1798 1342 1861 quo
1365 1798 1467 1841 nunc

291 1904 421 1947 omnes
446 1891 580 1949 utuntur
603 1896 633 1949 et
657 1888 868 1969 antiquum,
898 1887 982 1969 quod
1005 1888 1163 1949 incertum
1188 1886 1321 1948 dicitnr“
1344 1886 1385 1969 (p.
1410 1886 1465 1965 46,

292 1994 332 2053 18
349 1992 409 2074 sq).
441 1994 548 2076 Atque
571 2013 643 2055 cum
668 2012 707 2055 ex
733 1995 829 2056 totius
852 1995 964 2075 capitis
987 1999 1174 2075 argumento
1193 1998 1261 2055 tum
1286 2012 1327 2055 ex
1350 1993 1468 2074 verbis,

291 2118 371 2180 quae
395 2106 574 2182 sequuntur
603 2101 694 2163 initio
723 2101 910 2182 paragraphi
932 2102 1099 2179 tertiaeet
1124 2137 1165 2145 -
1189 2100 1290 2182 prima
1313 2102 1467 2163 etaltera

292 2206 330 2267 de
355 2224 448 2287 opere
471 2208 634 2269 reticulato
655 2212 686 2269 et
705 2208 836 2289 antiquo
856 2207 1038 2289 disputatur
1056 2243 1100 2252 -
1118 2212 1202 2269 recte
1221 2207 1369 2288 colligere
1387 2208 1465 2267 mihi

290 2312 399 2374 videor
415 2311 598 2375 Vitruvium
622 2314 660 2376 ab
684 2315 775 2376 initio
799 2332 835 2377 ea
858 2315 1059 2395 potissimum
1082 2314 1198 2376 referre
1222 2319 1253 2376 et
1276 2315 1467 2396 praecipere,

291 2437 372 2500 quae
392 2420 479 2481 urbis
497 2418 615 2483 Rornae
633 2422 760 2503 propria
777 2420 872 2484 fuere.
920 2419 1045 2483 Deinde
1069 2421 1155 2502 quod
1179 2421 1256 2483 dicit
1279 2440 1361 2502 „quo
1379 2439 1467 2482 nunc

291 2544 418 2587 omnes
458 2531 609 2589 utuntur
648 2528 723 2590 inde
762 2535 891 2611 apparet
923 2547 996 2591 eum
1029 2547 1092 2589 non
1125 2528 1227 2590 solum
1260 2533 1468 2590 monumenta

290 2630 426 2713 publica,
459 2634 513 2695 sed
547 2635 641 2696 etiarn
675 2635 768 2697 aedes
800 2636 938 2717 privatas
970 2639 1120 2717 spectare.
1166 2633 1284 2697 Romae
1306 2636 1404 2717 igitur
1427 2654 1468 2698 eo

289 2747 440 2821 tempore,
465 2760 528 2822 quo
553 2741 719 2804 Vitruvius
742 2743 869 2824 scripsit
892 2743 1063 2823 („nunc“!),
1087 2742 1159 2803 illae
1183 2760 1275 2824 opere
1298 2742 1467 2804 reticulato

291 2848 412 2907 exstrui
447 2847 599 2910 solebant.
664 2850 765 2930 Atqui
797 2849 977 2911 consideres
1016 2849 1111 2911 velim
1145 2868 1224 2931 opus
1263 2848 1463 2910 reticulatum

290 2970 417 3033 perraro
437 2954 572 3015 inveniri
596 2955 629 3015 in
653 2961 851 3017 structura
873 2955 1117 3036 testacea¹⁸tlz
1143 2957 1239 3017 immo
1262 2960 1370 3037 postea
1388 2956 1468 3018 haec

291 3059 360 3121 loco
384 3059 472 3121 illius
495 3060 667 3124 substituta
690 3069 735 3124 est
760 3067 857 3143 atque
880 3068 949 3124 tum
973 3061 1100 3124 demum
1125 3063 1158 3122 in
1183 3080 1277 3124 usum
1301 3062 1465 3144 vulgarem

290 3166 443 3247 pervenit,
463 3185 534 3228 cum
556 3186 649 3249 opere
667 3169 831 3231 reticulato
853 3170 898 3230 uti
918 3168 1146 3249 desieruntltt)
1165 3169 1212 3245 (cf.
1233 3187 1307 3231 vero
1327 3188 1356 3250 p.
1368 3170 1467 3249 59190)

293 3291 391 3354 quare
415 3273 484 3334 iure
515 3272 600 3336 dicas
622 3276 657 3336 in
681 3276 868 3338 universum
893 3276 971 3337 nihil
996 3294 1064 3338 esse
1088 3294 1256 3338 commune
1286 3281 1466 3338 structurae

292 3384 445 3441 testaceae
469 3400 540 3442 cum
566 3400 659 3464 opere
682 3382 854 3445 reticulato.
902 3381 1053 3445 Nondum
1077 3384 1174 3465 igitur
1197 3384 1381 3465 pervulgata
1403 3381 1469 3445 tuit

292 3492 450 3547 structura
479 3494 614 3550 testacea
637 3487 777 3551 Vitruvii
808 3489 1004 3571 temporibus
1035 3508 1139 3572 neque
1169 3509 1297 3571 prorsus
1321 3496 1467 3552 accurate

291 3592 438 3654 nonnulli
462 3594 522 3655 viri
546 3594 630 3657 docti
640 3596 693 3676 186)
716 3615 773 3677 pro
797 3604 881 3658 certo
907 3602 1038 3659 sumunt
1061 3597 1200 3677 Augusti
1224 3595 1468 3674 (beVitrnviil

292 3704 392 3761 aetate
416 3702 565 3762 transisse
584 3700 743 3764 Romanos
767 3722 785 3764 a
809 3708 968 3765 structura
993 3702 1132 3765 latericia
1160 3740 1192 3747 —
1214 3702 1253 3765 de
1276 3722 1338 3785 qua
1358 3709 1468 3785 postea

293 3824 383 3886 agam
407 3806 513 3867 -ad
547 3812 722 3871 testaceam.
774 3807 863 3883 Quod
899 3811 991 3873 etiarn
1025 3809 1096 3872 aliis
1129 3828 1202 3871 cum
1227 3809 1365 3872 Vitruvii
1397 3815 1466 3871 tum

382 3980 443 4049 183)
463 3981 507 4046 „id
532 3985 619 4034 antem
645 3980 707 4035 lieet
731 3984 940 4037 animadvertere
966 3984 1045 4037 etiam
1070 3985 1103 4037 de
1128 3984 1261 4037 nonnullis
1279 3984 1456 4037 monumentis

292 4066 360 4119 quae
379 4052 466 4104 cirea
483 4052 594 4105 urbem
613 4054 684 4107 facta
702 4058 795 4121 sunt·‘;
814 4059 892 4109 antea
909 4057 990 4123 igitur
1007 4056 1039 4109 de
1058 4055 1136 4108 urbe
1154 4056 1226 4123 ipsa
1243 4056 1318 4108 dixit.

384 4122 445 4183 184)
465 4122 568 4190 Nissen,
596 4124 688 4193 Pomp.
707 4125 780 4179 Stud.
799 4142 824 4193 p.
845 4127 888 4181 59.
925 4128 996 4193 Mau,
1025 4126 1117 4195 Pomp.
1137 4126 1218 4182 Beitr.
1239 4143 1264 4194 p.
1284 4125 1309 4179 9.
1346 4127 1466 4195 Pompeji

292 4193 308 4245 i.
328 4194 357 4246 L.
377 4210 403 4245 u.
423 4194 456 4247 Κ.
475 4210 500 4261 p.
520 4195 563 4251 32.
600 4195 735 4263 Bliirnnen
755 4197 927 4266 Technologie
945 4198 987 4250 HI
1005 4214 1031 4265 p.
1052 4198 1111 4252 148.

384 4265 445 4332 185)
464 4266 563 4320 Jordan
582 4267 643 4335 Top.
662 4267 676 4321 I
695 4285 719 4335 p.
738 4267 781 4321 22.

383 4335 444 4403 186)
464 4335 559 4389 Nissen
571 4338 698 4397 Laudesb,
709 4338 744 4392 Π.
755 4357 779 4408 p.
790 4339 850 4396 529.
869 4339 997 4393 Bliimncr
1010 4339 1027 4396 l.
1037 4340 1055 4394 l.
1067 4358 1092 4408 p.
1103 4340 1136 4392 12
1146 4358 1172 4394 n.
1182 4343 1207 4393 4.
1225 4342 1324 4394 Jordan
1338 4339 1464 4408 l.l.p.16.
