<?xml version="1.0" encoding="UTF-8"?>
<!DOCTYPE html PUBLIC "-//W3C//DTD XHTML 1.0 Transitional//EN"
    "http://www.w3.org/TR/xhtml1/DTD/xhtml1-transitional.dtd">
<html xmlns="http://www.w3.org/1999/xhtml" xml:lang="en" lang="en">
 <head>
  <title>
</title>
<meta http-equiv="Content-Type" content="text/html;charset=utf-8" />
  <meta name='ocr-system' content='tesseract 3.04.00' />
  <meta name='ocr-capabilities' content='ocr_page ocr_carea ocr_par ocr_line ocrx_word'/>
</head>
<body>
  <div class='ocr_page' id='page_1' title='image "./quaestionumvitr01dietgoog_0084.png"; bbox 0 0 3509 5292; ppageno 0'>
   <div class='ocr_carea' id='block_1_1' title="bbox 773 461 980 522">
    <p class='ocr_par' dir='ltr' id='par_1_1' title="bbox 773 461 980 522">
     <span class='ocr_line' id='line_1_1' title="bbox 773 461 980 522; baseline -0.01 -16"><span class='ocrx_word' id='word_1_1' title='bbox 773 461 980 522; x_wconf 73' lang='grc'><strong>-80-</strong></span> 
     </span>
    </p>
   </div>
   <div class='ocr_carea' id='block_1_2' title="bbox 584 637 1165 859">
    <p class='ocr_par' dir='ltr' id='par_1_2' title="bbox 584 637 1165 859">
     <span class='ocr_line' id='line_1_2' title="bbox 584 637 1165 859; baseline -0.009 -1"><span class='ocrx_word' id='word_1_2' title='bbox 584 760 802 859; x_wconf 75' lang='lat' dir='ltr'>rarum</span> <span class='ocrx_word' id='word_1_3' title='bbox 836 637 1165 857; x_wconf 78' lang='lat' dir='ltr'>lucubrum.</span> 
     </span>
    </p>
   </div>
   <div class='ocr_carea' id='block_1_3' title="bbox 287 920 1440 1094">
    <p class='ocr_par' dir='ltr' id='par_1_3' title="bbox 287 920 1440 1094">
     <span class='ocr_line' id='line_1_3' title="bbox 287 920 1440 1003; baseline -0.007 -15"><span class='ocrx_word' id='word_1_4' title='bbox 287 924 536 990; x_wconf 80' lang='lat' dir='ltr'>Prooemium:</span> <span class='ocrx_word' id='word_1_5' title='bbox 561 923 696 998; x_wconf 80' lang='lat' dir='ltr'><strong>Quinam</strong></span> <span class='ocrx_word' id='word_1_6' title='bbox 721 924 781 985; x_wconf 86' lang='lat' dir='ltr'>viri</span> <span class='ocrx_word' id='word_1_7' title='bbox 801 923 882 984; x_wconf 89' lang='lat' dir='ltr'>docti</span> <span class='ocrx_word' id='word_1_8' title='bbox 902 923 1005 984; x_wconf 88' lang='lat' dir='ltr'>adbuc</span> <span class='ocrx_word' id='word_1_9' title='bbox 1024 923 1146 1003; x_wconf 81' lang='lat' dir='ltr'>egerint</span> <span class='ocrx_word' id='word_1_10' title='bbox 1167 920 1206 982; x_wconf 90' lang='lat' dir='ltr'>de</span> <span class='ocrx_word' id='word_1_11' title='bbox 1225 925 1371 1002; x_wconf 84' lang='lat' dir='ltr'>tempore,</span> <span class='ocrx_word' id='word_1_12' title='bbox 1391 938 1440 1001; x_wconf 93' lang='lat' dir='ltr'>quo</span> 
     </span>
     <span class='ocr_line' id='line_1_4' title="bbox 377 1012 1094 1094; baseline 0 -22"><span class='ocrx_word' id='word_1_13' title='bbox 377 1013 547 1076; x_wconf 81' lang='lat' dir='ltr'>Vitruvius</span> <span class='ocrx_word' id='word_1_14' title='bbox 571 1013 704 1094; x_wconf 78' lang='lat' dir='ltr'>scripsit,</span> <span class='ocrx_word' id='word_1_15' title='bbox 728 1019 899 1073; x_wconf 83' lang='lat' dir='ltr'>enarratur.</span> <span class='ocrx_word' id='word_1_16' title='bbox 946 1032 974 1093; x_wconf 90' lang='lat' dir='ltr'>p.</span> <span class='ocrx_word' id='word_1_17' title='bbox 1001 1012 1094 1073; x_wconf 87' lang='lat'>1-9.</span> 
     </span>
    </p>
   </div>
   <div class='ocr_carea' id='block_1_4' title="bbox 289 1134 1442 1324">
    <p class='ocr_par' dir='ltr' id='par_1_4' title="bbox 289 1134 1442 1324">
     <span class='ocr_line' id='line_1_5' title="bbox 289 1134 1442 1221; baseline -0.009 -17"><span class='ocrx_word' id='word_1_18' title='bbox 289 1136 402 1221; x_wconf 80' lang='lat' dir='ltr'>Caput</span> <span class='ocrx_word' id='word_1_19' title='bbox 425 1138 600 1221; x_wconf 89' lang='lat' dir='ltr'>primurn:</span> <span class='ocrx_word' id='word_1_20' title='bbox 625 1136 673 1199; x_wconf 86' lang='lat' dir='ltr'>De</span> <span class='ocrx_word' id='word_1_21' title='bbox 696 1143 844 1218; x_wconf 79' lang='lat' dir='ltr'>tempore,</span> <span class='ocrx_word' id='word_1_22' title='bbox 869 1155 932 1217; x_wconf 93' lang='lat' dir='ltr'>quo</span> <span class='ocrx_word' id='word_1_23' title='bbox 958 1134 1125 1197; x_wconf 83' lang='lat' dir='ltr'>Vitruvius</span> <span class='ocrx_word' id='word_1_24' title='bbox 1149 1136 1217 1217; x_wconf 90' lang='lat' dir='ltr'>ipse</span> <span class='ocrx_word' id='word_1_25' title='bbox 1241 1153 1276 1197; x_wconf 89' lang='lat' dir='ltr'>se</span> <span class='ocrx_word' id='word_1_26' title='bbox 1299 1134 1442 1214; x_wconf 82' lang='lat' dir='ltr'>scripsisse</span> 
     </span>
     <span class='ocr_line' id='line_1_6' title="bbox 377 1242 1264 1324; baseline -0.002 -19"><span class='ocrx_word' id='word_1_27' title='bbox 377 1245 502 1324; x_wconf 81' lang='lat' dir='ltr'>iudicat,</span> <span class='ocrx_word' id='word_1_28' title='bbox 527 1245 704 1306; x_wconf 81' lang='lat' dir='ltr'>accuratius</span> <span class='ocrx_word' id='word_1_29' title='bbox 728 1242 1024 1305; x_wconf 81' lang='lat' dir='ltr'>circumscribendo,</span> <span class='ocrx_word' id='word_1_30' title='bbox 1071 1263 1099 1324; x_wconf 90' lang='lat' dir='ltr'>p.</span> <span class='ocrx_word' id='word_1_31' title='bbox 1127 1242 1264 1304; x_wconf 82' lang='lat'>10-18.</span> 
     </span>
    </p>
   </div>
   <div class='ocr_carea' id='block_1_5' title="bbox 290 1365 1444 1557">
    <p class='ocr_par' dir='ltr' id='par_1_5' title="bbox 290 1365 1444 1557">
     <span class='ocr_line' id='line_1_7' title="bbox 290 1365 1444 1452; baseline -0.008 -18"><span class='ocrx_word' id='word_1_32' title='bbox 290 1367 403 1452; x_wconf 78' lang='lat' dir='ltr'>caput</span> <span class='ocrx_word' id='word_1_33' title='bbox 426 1368 640 1434; x_wconf 82' lang='lat' dir='ltr'>secundum:</span> <span class='ocrx_word' id='word_1_34' title='bbox 671 1367 718 1429; x_wconf 91' lang='lat' dir='ltr'>De</span> <span class='ocrx_word' id='word_1_35' title='bbox 742 1367 836 1430; x_wconf 89' lang='lat' dir='ltr'>rebus</span> <span class='ocrx_word' id='word_1_36' title='bbox 860 1367 1062 1449; x_wconf 73' lang='lat' dir='ltr'>quibusdam,</span> <span class='ocrx_word' id='word_1_37' title='bbox 1093 1385 1172 1448; x_wconf 87' lang='lat' dir='ltr'>quas</span> <span class='ocrx_word' id='word_1_38' title='bbox 1194 1365 1365 1428; x_wconf 83' lang='lat' dir='ltr'>Vitruvius</span> <span class='ocrx_word' id='word_1_39' title='bbox 1386 1375 1444 1426; x_wconf 88' lang='lat' dir='ltr'>ante</span> 
     </span>
     <span class='ocr_line' id='line_1_8' title="bbox 378 1473 1217 1557; baseline -0.004 -20"><span class='ocrx_word' id='word_1_40' title='bbox 378 1495 496 1538; x_wconf 93' lang='lat' dir='ltr'>annum</span> <span class='ocrx_word' id='word_1_41' title='bbox 523 1477 561 1537; x_wconf 83' lang='lat'>31</span> <span class='ocrx_word' id='word_1_42' title='bbox 589 1475 748 1557; x_wconf 82' lang='lat' dir='ltr'>scripserit</span> <span class='ocrx_word' id='word_1_43' title='bbox 770 1492 899 1536; x_wconf 88' lang='lat' dir='ltr'>necesse</span> <span class='ocrx_word' id='word_1_44' title='bbox 923 1480 978 1535; x_wconf 89' lang='lat' dir='ltr'>est.</span> <span class='ocrx_word' id='word_1_45' title='bbox 1025 1495 1052 1556; x_wconf 93' lang='lat' dir='ltr'>p.</span> <span class='ocrx_word' id='word_1_46' title='bbox 1079 1473 1217 1535; x_wconf 73' lang='lat'>18-25.</span> 
     </span>
    </p>
   </div>
   <div class='ocr_carea' id='block_1_6' title="bbox 289 1598 1446 2217">
    <p class='ocr_par' dir='ltr' id='par_1_6' title="bbox 289 1598 1446 2217">
     <span class='ocr_line' id='line_1_9' title="bbox 289 1598 1444 1683; baseline -0.008 -16"><span class='ocrx_word' id='word_1_47' title='bbox 289 1599 403 1683; x_wconf 80' lang='lat' dir='ltr'>Caput</span> <span class='ocrx_word' id='word_1_48' title='bbox 425 1600 592 1665; x_wconf 86' lang='lat' dir='ltr'>tertium:</span> <span class='ocrx_word' id='word_1_49' title='bbox 626 1599 674 1662; x_wconf 88' lang='lat' dir='ltr'>De</span> <span class='ocrx_word' id='word_1_50' title='bbox 704 1599 797 1661; x_wconf 92' lang='lat' dir='ltr'>rebus</span> <span class='ocrx_word' id='word_1_51' title='bbox 828 1598 995 1680; x_wconf 83' lang='lat' dir='ltr'>ambiguis,</span> <span class='ocrx_word' id='word_1_52' title='bbox 1025 1617 1106 1681; x_wconf 86' lang='lat' dir='ltr'>quae</span> <span class='ocrx_word' id='word_1_53' title='bbox 1136 1605 1208 1659; x_wconf 87' lang='lat' dir='ltr'>ante</span> <span class='ocrx_word' id='word_1_54' title='bbox 1232 1618 1259 1659; x_wconf 88' lang='lat' dir='ltr'>a.</span> <span class='ocrx_word' id='word_1_55' title='bbox 1285 1598 1324 1659; x_wconf 88' lang='lat'>31</span> <span class='ocrx_word' id='word_1_56' title='bbox 1350 1598 1399 1674; x_wconf 86' lang='lat' dir='ltr'>sio,</span> <span class='ocrx_word' id='word_1_57' title='bbox 1418 1603 1444 1656; x_wconf 91' lang='lat' dir='ltr'>ut</span> 
     </span>
     <span class='ocr_line' id='line_1_10' title="bbox 378 1704 1401 1788; baseline -0.003 -20"><span class='ocrx_word' id='word_1_58' title='bbox 378 1708 507 1770; x_wconf 88' lang='lat' dir='ltr'>traditas</span> <span class='ocrx_word' id='word_1_59' title='bbox 531 1726 583 1769; x_wconf 86' lang='lat' dir='ltr'>eas</span> <span class='ocrx_word' id='word_1_60' title='bbox 608 1707 752 1788; x_wconf 74' lang='lat' dir='ltr'>legimus</span> <span class='ocrx_word' id='word_1_61' title='bbox 775 1707 909 1787; x_wconf 84' lang='lat' dir='ltr'>scriptae</span> <span class='ocrx_word' id='word_1_62' title='bbox 932 1724 1000 1767; x_wconf 90' lang='lat' dir='ltr'>esse</span> <span class='ocrx_word' id='word_1_63' title='bbox 1024 1712 1163 1787; x_wconf 85' lang='lat' dir='ltr'>possunt.</span> <span class='ocrx_word' id='word_1_64' title='bbox 1210 1724 1239 1786; x_wconf 90' lang='lat' dir='ltr'>p.</span> <span class='ocrx_word' id='word_1_65' title='bbox 1264 1704 1401 1766; x_wconf 80' lang='lat'>25-64.</span> 
     </span>
     <span class='ocr_line' id='line_1_11' title="bbox 449 1811 1296 1896; baseline -0.004 -21"><span class='ocrx_word' id='word_1_66' title='bbox 449 1813 541 1876; x_wconf 87' lang='lat' dir='ltr'>Pars</span> <span class='ocrx_word' id='word_1_67' title='bbox 564 1814 696 1896; x_wconf 86' lang='lat' dir='ltr'>prima:</span> <span class='ocrx_word' id='word_1_68' title='bbox 721 1811 769 1874; x_wconf 87' lang='lat' dir='ltr'>Do</span> <span class='ocrx_word' id='word_1_69' title='bbox 792 1812 924 1874; x_wconf 90' lang='lat' dir='ltr'>aedibus</span> <span class='ocrx_word' id='word_1_70' title='bbox 948 1813 1054 1874; x_wconf 90' lang='lat' dir='ltr'>sacris.</span> <span class='ocrx_word' id='word_1_71' title='bbox 1101 1832 1129 1894; x_wconf 93' lang='lat' dir='ltr'>p.</span> <span class='ocrx_word' id='word_1_72' title='bbox 1155 1812 1296 1873; x_wconf 79' lang='lat'>25-33.</span> 
     </span>
     <span class='ocr_line' id='line_1_12' title="bbox 449 1918 1354 2002; baseline -0.002 -21"><span class='ocrx_word' id='word_1_73' title='bbox 449 1920 542 1982; x_wconf 89' lang='lat' dir='ltr'>Pars</span> <span class='ocrx_word' id='word_1_74' title='bbox 566 1921 701 1983; x_wconf 90' lang='lat' dir='ltr'>altera:</span> <span class='ocrx_word' id='word_1_75' title='bbox 726 1918 774 1982; x_wconf 89' lang='lat' dir='ltr'>De</span> <span class='ocrx_word' id='word_1_76' title='bbox 797 1920 929 2000; x_wconf 87' lang='lat' dir='ltr'>reliquis</span> <span class='ocrx_word' id='word_1_77' title='bbox 952 1918 1112 1981; x_wconf 85' lang='lat' dir='ltr'>aedificiis.</span> <span class='ocrx_word' id='word_1_78' title='bbox 1159 1940 1187 2002; x_wconf 93' lang='lat' dir='ltr'>p.</span> <span class='ocrx_word' id='word_1_79' title='bbox 1213 1919 1354 1980; x_wconf 77' lang='lat'>33-44.</span> 
     </span>
     <span class='ocr_line' id='line_1_13' title="bbox 449 2024 1446 2106; baseline -0.005 -17"><span class='ocrx_word' id='word_1_80' title='bbox 449 2027 541 2089; x_wconf 88' lang='lat' dir='ltr'>Pars</span> <span class='ocrx_word' id='word_1_81' title='bbox 565 2029 694 2090; x_wconf 89' lang='lat' dir='ltr'>tertia:</span> <span class='ocrx_word' id='word_1_82' title='bbox 729 2024 776 2088; x_wconf 89' lang='lat' dir='ltr'>De</span> <span class='ocrx_word' id='word_1_83' title='bbox 805 2025 901 2087; x_wconf 92' lang='lat' dir='ltr'>rebus</span> <span class='ocrx_word' id='word_1_84' title='bbox 932 2026 973 2087; x_wconf 89' lang='lat' dir='ltr'>ad</span> <span class='ocrx_word' id='word_1_85' title='bbox 1004 2025 1166 2088; x_wconf 89' lang='lat' dir='ltr'>historiam</span> <span class='ocrx_word' id='word_1_86' title='bbox 1199 2033 1230 2087; x_wconf 91' lang='lat' dir='ltr'>et</span> <span class='ocrx_word' id='word_1_87' title='bbox 1260 2025 1446 2106; x_wconf 84' lang='lat' dir='ltr'>antiquitates</span> 
     </span>
     <span class='ocr_line' id='line_1_14' title="bbox 503 2133 981 2217; baseline -0.002 -21"><span class='ocrx_word' id='word_1_88' title='bbox 503 2133 742 2217; x_wconf 89' lang='lat' dir='ltr'>pertinentibus.</span> <span class='ocrx_word' id='word_1_89' title='bbox 787 2153 816 2214; x_wconf 84' lang='lat' dir='ltr'>p.</span> <span class='ocrx_word' id='word_1_90' title='bbox 840 2133 981 2195; x_wconf 84' lang='grc'><strong>44-64.</strong></span> 
     </span>
    </p>
   </div>
   <div class='ocr_carea' id='block_1_7' title="bbox 291 2256 1446 2448">
    <p class='ocr_par' dir='ltr' id='par_1_7' title="bbox 291 2256 1446 2448">
     <span class='ocr_line' id='line_1_15' title="bbox 291 2256 1446 2341; baseline -0.007 -18"><span class='ocrx_word' id='word_1_91' title='bbox 291 2257 613 2341; x_wconf 67' lang='lat' dir='ltr'>Carpetanorum:</span> <span class='ocrx_word' id='word_1_92' title='bbox 648 2257 695 2319; x_wconf 90' lang='lat' dir='ltr'>De</span> <span class='ocrx_word' id='word_1_93' title='bbox 728 2259 773 2319; x_wconf 85' lang='lat' dir='ltr'>eis</span> <span class='ocrx_word' id='word_1_94' title='bbox 807 2276 888 2339; x_wconf 88' lang='lat' dir='ltr'>quae</span> <span class='ocrx_word' id='word_1_95' title='bbox 920 2263 990 2340; x_wconf 89' lang='lat' dir='ltr'>post</span> <span class='ocrx_word' id='word_1_96' title='bbox 1020 2276 1140 2319; x_wconf 90' lang='lat' dir='ltr'>annum</span> <span class='ocrx_word' id='word_1_97' title='bbox 1175 2257 1214 2318; x_wconf 87' lang='lat'>31</span> <span class='ocrx_word' id='word_1_98' title='bbox 1251 2257 1367 2338; x_wconf 88' lang='lat' dir='ltr'>scripta</span> <span class='ocrx_word' id='word_1_99' title='bbox 1396 2256 1446 2318; x_wconf 91' lang='lat' dir='ltr'>sint</span> 
     </span>
     <span class='ocr_line' id='line_1_16' title="bbox 380 2366 825 2448; baseline -0.002 -21"><span class='ocrx_word' id='word_1_100' title='bbox 380 2384 508 2427; x_wconf 90' lang='lat' dir='ltr'>necesse</span> <span class='ocrx_word' id='word_1_101' title='bbox 532 2374 586 2427; x_wconf 88' lang='lat' dir='ltr'>est.</span> <span class='ocrx_word' id='word_1_102' title='bbox 633 2386 660 2448; x_wconf 92' lang='lat' dir='ltr'>p.</span> <span class='ocrx_word' id='word_1_103' title='bbox 687 2366 825 2427; x_wconf 72' lang='lat'>64-79.</span> 
     </span>
    </p>
   </div>
   <div class='ocr_carea' id='block_1_8' title="bbox 386 2558 1371 2787">
    <p class='ocr_par' dir='ltr' id='par_1_8' title="bbox 386 2558 1371 2787">
     <span class='ocr_line' id='line_1_17' title="bbox 386 2558 1371 2787; baseline -0.004 -9"><span class='ocrx_word' id='word_1_104' title='bbox 386 2681 552 2778; x_wconf 81' lang='lat' dir='ltr'>runai</span> <span class='ocrx_word' id='word_1_105' title='bbox 589 2558 1143 2787; x_wconf 66' lang='lat' dir='ltr'>uouruuu.ssiooouuu‚</span> <span class='ocrx_word' id='word_1_106' title='bbox 1176 2678 1371 2777; x_wconf 80' lang='lat' dir='ltr'>annua</span> 
     </span>
    </p>
   </div>
   <div class='ocr_carea' id='block_1_9' title="bbox 291 2841 1458 4331">
    <p class='ocr_par' dir='ltr' id='par_1_9' title="bbox 292 2841 887 2908">
     <span class='ocr_line' id='line_1_18' title="bbox 292 2841 887 2908; baseline -0.003 -13"><span class='ocrx_word' id='word_1_107' title='bbox 292 2842 616 2908; x_wconf 74' lang='lat' dir='ltr'>Aedificiap1·ivatu:403</span> <span class='ocrx_word' id='word_1_108' title='bbox 636 2843 754 2907; x_wconf 61' lang='lat' dir='ltr'>:it-otu</span> <span class='ocrx_word' id='word_1_109' title='bbox 774 2841 887 2895; x_wconf 81' lang='grc'><strong>63-68.</strong></span> 
     </span>
    </p>

    <p class='ocr_par' dir='ltr' id='par_1_10' title="bbox 291 2912 538 2974">
     <span class='ocr_line' id='line_1_19' title="bbox 291 2912 538 2974; baseline -0.004 -8"><span class='ocrx_word' id='word_1_110' title='bbox 291 2914 409 2966; x_wconf 73' lang='lat' dir='ltr'>Aediles:</span> <span class='ocrx_word' id='word_1_111' title='bbox 430 2914 476 2974; x_wconf 68' lang='lat'>1363</span> <span class='ocrx_word' id='word_1_112' title='bbox 496 2912 538 2965; x_wconf 81' lang='grc'>62.</span> 
     </span>
    </p>

    <p class='ocr_par' dir='ltr' id='par_1_11' title="bbox 292 2984 793 3051">
     <span class='ocr_line' id='line_1_20' title="bbox 292 2984 793 3051; baseline -0.004 -14"><span class='ocrx_word' id='word_1_113' title='bbox 292 2986 420 3051; x_wconf 80' lang='lat' dir='ltr'>Agrippa:</span> <span class='ocrx_word' id='word_1_114' title='bbox 443 2987 486 3046; x_wconf 71' lang='lat' dir='ltr'>1t3</span> <span class='ocrx_word' id='word_1_115' title='bbox 507 2984 541 3037; x_wconf 88' lang='lat'>38</span> <span class='ocrx_word' id='word_1_116' title='bbox 559 2999 597 3051; x_wconf 82' lang='lat' dir='ltr'>sq.</span> <span class='ocrx_word' id='word_1_117' title='bbox 635 2984 682 3050; x_wconf 74' lang='lat'>523</span> <span class='ocrx_word' id='word_1_118' title='bbox 703 2985 736 3037; x_wconf 69' lang='lat' dir='ltr'>t8</span> <span class='ocrx_word' id='word_1_119' title='bbox 755 3003 793 3050; x_wconf 79' lang='lat' dir='ltr'>sq.</span> 
     </span>
    </p>

    <p class='ocr_par' dir='ltr' id='par_1_12' title="bbox 292 3055 590 3112">
     <span class='ocr_line' id='line_1_21' title="bbox 292 3055 590 3112; baseline 0.003 -5"><span class='ocrx_word' id='word_1_120' title='bbox 292 3055 420 3107; x_wconf 83' lang='lat' dir='ltr'>Alciatus:</span> <span class='ocrx_word' id='word_1_121' title='bbox 442 3057 482 3112; x_wconf 81' lang='grc'>16,</span> <span class='ocrx_word' id='word_1_122' title='bbox 502 3071 527 3107; x_wconf 89' lang='lat' dir='ltr'>n.</span> <span class='ocrx_word' id='word_1_123' title='bbox 550 3057 590 3108; x_wconf 81' lang='lat'>13.</span> 
     </span>
    </p>

    <p class='ocr_par' dir='ltr' id='par_1_13' title="bbox 293 3126 679 3193">
     <span class='ocr_line' id='line_1_22' title="bbox 293 3126 679 3193; baseline -0.005 -14"><span class='ocrx_word' id='word_1_124' title='bbox 293 3126 412 3179; x_wconf 90' lang='lat' dir='ltr'>Altinum</span> <span class='ocrx_word' id='word_1_125' title='bbox 432 3126 616 3193; x_wconf 90' lang='lat' dir='ltr'>municipium:</span> <span class='ocrx_word' id='word_1_126' title='bbox 637 3128 679 3183; x_wconf 71' lang='lat' dir='ltr'>li,</span> 
     </span>
    </p>

    <p class='ocr_par' dir='ltr' id='par_1_14' title="bbox 293 3196 841 3263">
     <span class='ocr_line' id='line_1_23' title="bbox 293 3196 841 3263; baseline -0.004 -13"><span class='ocrx_word' id='word_1_127' title='bbox 293 3198 414 3250; x_wconf 79' lang='lat' dir='ltr'>Ambitus</span> <span class='ocrx_word' id='word_1_128' title='bbox 433 3198 623 3250; x_wconf 87' lang='lat' dir='ltr'>aedificiorum:</span> <span class='ocrx_word' id='word_1_129' title='bbox 643 3198 685 3262; x_wconf 75' lang='lat'>64,</span> <span class='ocrx_word' id='word_1_130' title='bbox 705 3214 730 3252; x_wconf 84' lang='lat' dir='ltr'>n.</span> <span class='ocrx_word' id='word_1_131' title='bbox 750 3196 779 3263; x_wconf 76' lang='lat'>23</span> <span class='ocrx_word' id='word_1_132' title='bbox 799 3197 841 3250; x_wconf 77' lang='grc'>65.</span> 
     </span>
    </p>

    <p class='ocr_par' dir='ltr' id='par_1_15' title="bbox 294 3268 684 3336">
     <span class='ocr_line' id='line_1_24' title="bbox 294 3268 684 3336; baseline -0.008 -15"><span class='ocrx_word' id='word_1_133' title='bbox 294 3269 507 3336; x_wconf 85' lang='lat' dir='ltr'>Amphitheatra:</span> <span class='ocrx_word' id='word_1_134' title='bbox 527 3268 561 3320; x_wconf 76' lang='lat'>30</span> <span class='ocrx_word' id='word_1_135' title='bbox 580 3284 622 3335; x_wconf 76' lang='lat' dir='ltr'>sq3</span> <span class='ocrx_word' id='word_1_136' title='bbox 642 3269 684 3321; x_wconf 82' lang='lat' dir='ltr'>ou.</span> 
     </span>
    </p>

    <p class='ocr_par' dir='ltr' id='par_1_16' title="bbox 293 3339 668 3406">
     <span class='ocr_line' id='line_1_25' title="bbox 293 3339 668 3406; baseline -0.005 -14"><span class='ocrx_word' id='word_1_137' title='bbox 293 3343 402 3392; x_wconf 89' lang='lat' dir='ltr'>Ancona</span> <span class='ocrx_word' id='word_1_138' title='bbox 419 3339 606 3406; x_wconf 89' lang='lat' dir='ltr'>municipium:</span> <span class='ocrx_word' id='word_1_139' title='bbox 626 3341 668 3390; x_wconf 73' lang='lat'>44.</span> 
     </span>
    </p>

    <p class='ocr_par' dir='ltr' id='par_1_17' title="bbox 293 3410 690 3478">
     <span class='ocr_line' id='line_1_26' title="bbox 293 3410 690 3478; baseline 0 -16"><span class='ocrx_word' id='word_1_140' title='bbox 293 3413 436 3478; x_wconf 74' lang='lat' dir='ltr'>Apaturius</span> <span class='ocrx_word' id='word_1_141' title='bbox 457 3410 628 3463; x_wconf 74' lang='lat' dir='ltr'>Alabandius:</span> <span class='ocrx_word' id='word_1_142' title='bbox 647 3412 690 3463; x_wconf 77' lang='lat'>43.</span> 
     </span>
    </p>

    <p class='ocr_par' dir='ltr' id='par_1_18' title="bbox 294 3482 601 3551">
     <span class='ocr_line' id='line_1_27' title="bbox 294 3482 601 3551; baseline -0.007 -17"><span class='ocrx_word' id='word_1_143' title='bbox 294 3484 490 3549; x_wconf 84' lang='lat' dir='ltr'>Aquaeductus:</span> <span class='ocrx_word' id='word_1_144' title='bbox 511 3482 545 3535; x_wconf 79' lang='lat'>38</span> <span class='ocrx_word' id='word_1_145' title='bbox 564 3498 601 3551; x_wconf 82' lang='lat' dir='ltr'>sq.</span> 
     </span>
    </p>

    <p class='ocr_par' dir='ltr' id='par_1_19' title="bbox 294 3552 679 3620">
     <span class='ocr_line' id='line_1_28' title="bbox 294 3552 679 3620; baseline 0 -15"><span class='ocrx_word' id='word_1_146' title='bbox 294 3552 415 3620; x_wconf 81' lang='lat' dir='ltr'>Aquileia</span> <span class='ocrx_word' id='word_1_147' title='bbox 433 3553 616 3619; x_wconf 76' lang='lat' dir='ltr'>miuricipium:</span> <span class='ocrx_word' id='word_1_148' title='bbox 636 3555 679 3605; x_wconf 70' lang='lat' dir='ltr'>ll.</span> 
     </span>
    </p>

    <p class='ocr_par' dir='ltr' id='par_1_20' title="bbox 293 3624 910 3692">
     <span class='ocr_line' id='line_1_29' title="bbox 293 3624 910 3692; baseline 0.005 -16"><span class='ocrx_word' id='word_1_149' title='bbox 293 3624 439 3676; x_wconf 88' lang='lat' dir='ltr'>Arbitrium</span> <span class='ocrx_word' id='word_1_150' title='bbox 458 3624 637 3676; x_wconf 90' lang='lat' dir='ltr'>communium</span> <span class='ocrx_word' id='word_1_151' title='bbox 658 3624 799 3692; x_wconf 89' lang='lat' dir='ltr'>parietum:</span> <span class='ocrx_word' id='word_1_152' title='bbox 820 3625 854 3678; x_wconf 89' lang='grc'>60</span> <span class='ocrx_word' id='word_1_153' title='bbox 872 3640 910 3692; x_wconf 85' lang='lat' dir='ltr'>sq.</span> 
     </span>
    </p>

    <p class='ocr_par' dir='ltr' id='par_1_21' title="bbox 296 3695 642 3748">
     <span class='ocr_line' id='line_1_30' title="bbox 296 3695 642 3748; baseline 0.003 -1"><span class='ocrx_word' id='word_1_154' title='bbox 296 3695 439 3747; x_wconf 78' lang='lat' dir='ltr'>Architecti</span> <span class='ocrx_word' id='word_1_155' title='bbox 458 3695 580 3747; x_wconf 78' lang='lat' dir='ltr'>Romani:</span> <span class='ocrx_word' id='word_1_156' title='bbox 601 3698 642 3748; x_wconf 72' lang='lat' dir='ltr'>ot.</span> 
     </span>
    </p>

    <p class='ocr_par' dir='ltr' id='par_1_22' title="bbox 295 3766 1341 3835">
     <span class='ocr_line' id='line_1_31' title="bbox 295 3766 1341 3835; baseline 0.003 -17"><span class='ocrx_word' id='word_1_157' title='bbox 295 3769 380 3818; x_wconf 85' lang='lat' dir='ltr'>Arcus</span> <span class='ocrx_word' id='word_1_158' title='bbox 399 3767 508 3831; x_wconf 82' lang='lat' dir='ltr'>Augusti</span> <span class='ocrx_word' id='word_1_159' title='bbox 528 3782 595 3817; x_wconf 86' lang='lat' dir='ltr'>anno</span> <span class='ocrx_word' id='word_1_160' title='bbox 615 3783 637 3818; x_wconf 83' lang='lat' dir='ltr'>a.</span> <span class='ocrx_word' id='word_1_161' title='bbox 658 3767 719 3821; x_wconf 84' lang='lat' dir='ltr'>Chr.</span> <span class='ocrx_word' id='word_1_162' title='bbox 739 3766 774 3817; x_wconf 78' lang='lat'>24</span> <span class='ocrx_word' id='word_1_163' title='bbox 794 3772 928 3835; x_wconf 74' lang='lat' dir='ltr'>Augustae</span> <span class='ocrx_word' id='word_1_164' title='bbox 948 3767 1096 3819; x_wconf 80' lang='lat' dir='ltr'>Praetoriae</span> <span class='ocrx_word' id='word_1_165' title='bbox 1115 3769 1278 3819; x_wconf 82' lang='lat' dir='ltr'>exstructus:</span> <span class='ocrx_word' id='word_1_166' title='bbox 1299 3767 1341 3821; x_wconf 83' lang='grc'>71.</span> 
     </span>
    </p>

    <p class='ocr_par' dir='ltr' id='par_1_23' title="bbox 294 3836 1155 3905">
     <span class='ocr_line' id='line_1_32' title="bbox 294 3836 1155 3905; baseline 0 -16"><span class='ocrx_word' id='word_1_167' title='bbox 294 3836 381 3889; x_wconf 88' lang='lat' dir='ltr'>Austii</span> <span class='ocrx_word' id='word_1_168' title='bbox 401 3837 433 3888; x_wconf 85' lang='lat' dir='ltr'>de</span> <span class='ocrx_word' id='word_1_169' title='bbox 452 3838 515 3888; x_wconf 80' lang='lat' dir='ltr'>aede</span> <span class='ocrx_word' id='word_1_170' title='bbox 535 3838 605 3889; x_wconf 76' lang='lat' dir='ltr'>loris</span> <span class='ocrx_word' id='word_1_171' title='bbox 625 3842 652 3889; x_wconf 90' lang='lat' dir='ltr'>et</span> <span class='ocrx_word' id='word_1_172' title='bbox 671 3839 754 3890; x_wconf 84' lang='lat' dir='ltr'>Fauni</span> <span class='ocrx_word' id='word_1_173' title='bbox 772 3840 902 3891; x_wconf 79' lang='lat' dir='ltr'>sententia</span> <span class='ocrx_word' id='word_1_174' title='bbox 920 3838 1093 3905; x_wconf 87' lang='lat' dir='ltr'>improbatur:</span> <span class='ocrx_word' id='word_1_175' title='bbox 1113 3837 1155 3890; x_wconf 75' lang='grc'>27.</span> 
     </span>
    </p>

    <p class='ocr_par' dir='ltr' id='par_1_24' title="bbox 295 3907 449 3960">
     <span class='ocr_line' id='line_1_33' title="bbox 295 3907 449 3960; baseline -0.006 0"><span class='ocrx_word' id='word_1_176' title='bbox 295 3907 405 3960; x_wconf 80' lang='lat' dir='ltr'>Bobius:</span> <span class='ocrx_word' id='word_1_177' title='bbox 426 3908 449 3959; x_wconf 82' lang='lat'>3.</span> 
     </span>
    </p>

    <p class='ocr_par' dir='ltr' id='par_1_25' title="bbox 295 3978 582 4045">
     <span class='ocr_line' id='line_1_34' title="bbox 295 3978 582 4045; baseline -0.003 -14"><span class='ocrx_word' id='word_1_178' title='bbox 295 3978 405 4031; x_wconf 71' lang='lat' dir='ltr'>Balnea:</span> <span class='ocrx_word' id='word_1_179' title='bbox 426 3980 458 4031; x_wconf 78' lang='grc'>37</span> <span class='ocrx_word' id='word_1_180' title='bbox 478 3996 520 4045; x_wconf 70' lang='lat'>5⁴13</span> <span class='ocrx_word' id='word_1_181' title='bbox 540 3978 582 4032; x_wconf 82' lang='lat'>52.</span> 
     </span>
    </p>

    <p class='ocr_par' dir='ltr' id='par_1_26' title="bbox 296 4049 675 4103">
     <span class='ocr_line' id='line_1_35' title="bbox 296 4049 675 4103; baseline 0.005 -2"><span class='ocrx_word' id='word_1_182' title='bbox 296 4049 487 4101; x_wconf 89' lang='lat' dir='ltr'>Balneaticum:</span> <span class='ocrx_word' id='word_1_183' title='bbox 507 4049 550 4102; x_wconf 75' lang='lat'>52.</span> <span class='ocrx_word' id='word_1_184' title='bbox 569 4067 595 4102; x_wconf 90' lang='lat' dir='ltr'>n.</span> <span class='ocrx_word' id='word_1_185' title='bbox 617 4052 675 4103; x_wconf 72' lang='lat'>1:37.</span> 
     </span>
    </p>

    <p class='ocr_par' dir='ltr' id='par_1_27' title="bbox 295 4120 1458 4331">
     <span class='ocr_line' id='line_1_36' title="bbox 295 4120 1458 4188; baseline -0.002 -15"><span class='ocrx_word' id='word_1_186' title='bbox 295 4120 467 4173; x_wconf 81' lang='lat' dir='ltr'>Basrlicarum</span> <span class='ocrx_word' id='word_1_187' title='bbox 487 4122 565 4181; x_wconf 85' lang='lat' dir='ltr'>situs;</span> <span class='ocrx_word' id='word_1_188' title='bbox 587 4121 692 4172; x_wconf 74' lang='lat' dir='ltr'>basilica</span> <span class='ocrx_word' id='word_1_189' title='bbox 711 4120 777 4172; x_wconf 86' lang='lat' dir='ltr'>Iulia</span> <span class='ocrx_word' id='word_1_190' title='bbox 795 4121 933 4188; x_wconf 85' lang='lat' dir='ltr'>Aquiliana</span> <span class='ocrx_word' id='word_1_191' title='bbox 948 4122 1011 4187; x_wconf 74' lang='lat'>(34).</span> <span class='ocrx_word' id='word_1_192' title='bbox 1031 4153 1065 4159; x_wconf 96' lang='lat'><strong>—</strong></span> <span class='ocrx_word' id='word_1_193' title='bbox 1084 4121 1200 4174; x_wconf 84' lang='lat' dir='ltr'>tribunal</span> <span class='ocrx_word' id='word_1_194' title='bbox 1217 4120 1340 4174; x_wconf 83' lang='lat' dir='ltr'>basilicae</span> <span class='ocrx_word' id='word_1_195' title='bbox 1359 4121 1458 4174; x_wconf 87' lang='lat' dir='ltr'>adiunc-</span> 
     </span>
     <span class='ocr_line' id='line_1_37' title="bbox 402 4188 1458 4261; baseline -0.001 -18"><span class='ocrx_word' id='word_1_196' title='bbox 402 4199 458 4243; x_wconf 80' lang='lat' dir='ltr'>ttun</span> <span class='ocrx_word' id='word_1_197' title='bbox 478 4194 542 4260; x_wconf 74' lang='lat'>(35).</span> <span class='ocrx_word' id='word_1_198' title='bbox 562 4223 596 4229; x_wconf 96' lang='lat'><em>-</em></span> <span class='ocrx_word' id='word_1_199' title='bbox 618 4191 723 4244; x_wconf 88' lang='lat' dir='ltr'>basilica</span> <span class='ocrx_word' id='word_1_200' title='bbox 741 4188 873 4245; x_wconf 80' lang='lat' dir='ltr'>Fanest&#39;ris</span> <span class='ocrx_word' id='word_1_201' title='bbox 894 4197 928 4260; x_wconf 71' lang='lat' dir='ltr'>tp.</span> <span class='ocrx_word' id='word_1_202' title='bbox 944 4194 968 4248; x_wconf 88' lang='grc'>6.</span> <span class='ocrx_word' id='word_1_203' title='bbox 989 4192 1032 4261; x_wconf 80' lang='grc' dir='ltr'>ῑΟ)</span> <span class='ocrx_word' id='word_1_204' title='bbox 1052 4194 1121 4245; x_wconf 91' lang='lat' dir='ltr'>circa</span> <span class='ocrx_word' id='word_1_205' title='bbox 1140 4210 1237 4245; x_wconf 86' lang='lat' dir='ltr'>aunum</span> <span class='ocrx_word' id='word_1_206' title='bbox 1252 4209 1276 4245; x_wconf 85' lang='lat' dir='ltr'>a.</span> <span class='ocrx_word' id='word_1_207' title='bbox 1291 4191 1353 4247; x_wconf 84' lang='lat' dir='ltr'>Chr.</span> <span class='ocrx_word' id='word_1_208' title='bbox 1365 4191 1401 4244; x_wconf 80' lang='lat'>24</span> <span class='ocrx_word' id='word_1_209' title='bbox 1418 4207 1458 4243; x_wconf 84' lang='lat' dir='ltr'>ex-</span> 
     </span>
     <span class='ocr_line' id='line_1_38' title="bbox 402 4265 574 4331; baseline -0.006 -17"><span class='ocrx_word' id='word_1_210' title='bbox 402 4269 501 4315; x_wconf 82' lang='lat' dir='ltr'>structa</span> <span class='ocrx_word' id='word_1_211' title='bbox 520 4265 574 4331; x_wconf 76' lang='lat' dir='ltr'>(ii)</span> 
     </span>
    </p>
   </div>
   <div class='ocr_carea' id='block_1_10' title="bbox 0 0 1776 5292">
    <p class='ocr_par' dir='ltr' id='par_1_28' title="bbox 0 0 1776 5292">
     <span class='ocr_line' id='line_1_39' title="bbox 0 0 1776 5292; baseline 0 0"><span class='ocrx_word' id='word_1_212' title='bbox 0 0 1776 5292; x_wconf 95' lang='lat' dir='ltr'> </span> 
     </span>
    </p>
   </div>
  </div>
 </body>
</html>
