3509 5292
780 539 978 599 „5-

380 717 488 800 Atque
519 716 608 779 brevi
636 721 707 798 post
737 734 811 779 eum
843 722 984 797 tempore
1013 715 1213 794 exstiterunt,
1246 715 1302 795 qui
1331 714 1465 796 vestigia

285 824 557 906 einspremerent
594 822 753 905 Interpres
767 822 852 886 enim
863 820 1004 884 Vitruvii
1018 821 1227 901 Britannicus
1248 819 1465 883 Guilelmus

290 929 509 1011 Newton,¹⁵)
533 932 568 991 in
590 929 783 1013 praefatione
805 929 961 991 versionis
985 946 1061 991 suae
1080 926 1263 990 Vitruvium
1280 927 1339 989 Titi
1364 932 1466 989 aetate

288 1038 412 1099 vixisse
440 1039 472 1100 et
493 1037 541 1099 illi
564 1037 746 1119 imperatori
776 1055 856 1118 opus
888 1055 981 1098 suum
1010 1036 1135 1097 misisse
1157 1052 1273 1115 magno
1297 1052 1467 1116 argumen-

286 1149 397 1206 torum
420 1162 552 1206 numero
577 1144 696 1226 prolato
720 1142 889 1206 contendit
936 1140 997 1204 Sed
1017 1145 1204 1223 argumenta
1228 1142 1297 1203 eius
1321 1145 1467 1204 accurate

286 1251 473 1312 examinata
510 1250 616 1312 omnia
654 1254 854 1326 corruerunt3
898 1249 975 1310 satis
1011 1249 1097 1310 enim
1134 1266 1171 1310 ea
1207 1246 1406 1330 infregerunt
1435 1253 1466 1310 et

286 1355 537 1419 debilitaverunt
554 1357 616 1417 viri
636 1354 1111 1435 doctiHirt1⁶)etMarini1³);
1131 1373 1189 1437 ego
1210 1373 1338 1436 quoque
1357 1360 1467 1437 postea

286 1463 457 1525 occasione
477 1462 580 1525 oblata
599 1462 754 1524 nonnulla
772 1468 967 1543 argumenta,
987 1461 1105 1543 quibus
1122 1461 1256 1544 probare
1275 1461 1466 1524 studuerunt

292 1575 325 1631 et
343 1569 398 1631 ille
418 1569 520 1631 etalii
540 1575 610 1651 post
629 1587 700 1631 eum
723 1568 906 1631 Vitruvium
926 1567 1107 1631 Flauiorum
1126 1568 1321 1650 temporibus
1339 1568 1466 1649 vixisse,

285 1676 319 1738 si
340 1678 466 1737 omnino
486 1676 713 1739 memoratione
731 1675 827 1758 digna
845 1694 951 1757 neque
966 1694 1097 1757 prorsus
1112 1676 1219 1757 inepto
1235 1678 1319 1756 sunt,
1334 1675 1466 1737 strictim

291 1783 429 1845 refutare
448 1781 590 1846 studebo
630 1780 692 1844 Sed
712 1782 751 1844 de
769 1781 873 1844 Hirtio
894 1788 924 1845 et
944 1781 1078 1844 Marinio
1098 1781 1305 1864 pluraverba
1323 1781 1466 1845 iacienda

287 1901 382 1965 sunt3
407 1890 522 1951 etenim
543 1908 616 1952 cum
636 1894 729 1952 antea
747 1890 807 1951 viri
827 1889 909 1952 docti
929 1890 1007 1951 satis
1026 1888 1176 1951 haberent
1194 1889 1342 1951 statuisse
1357 1887 1467 1952 Vitru-

289 1997 382 2058 vium
403 1998 548 2078 Augusto
572 1996 669 2058 libros
693 2014 767 2059 suos
791 1997 923 2077 misisse,
946 1997 993 2058 illi
1011 1997 1105 2078 primi
1123 1996 1299 2058 accuratius
1322 2014 1468 2077 perscru-

285 2105 349 2164 tati
373 2108 456 2182 sunt,
482 2123 620 2187 quonam
645 2110 784 2186 tempore
808 2102 866 2166 sub
892 2105 1039 2186 Augusto
1063 2103 1247 2184 scripsisset.

383 2229 489 2309 Atque
513 2227 665 2289 Hirtius
696 2228 760 2290 duo
783 2234 868 2290 certa
892 2233 1078 2310 argumenta
1108 2226 1168 2289 sibi
1197 2227 1357 2289 invenisse
1380 2228 1468 2289 visus

287 2339 348 2411 est,
372 2334 456 2416 quod
477 2334 646 2397 Vitruvius
669 2341 700 2397 et
723 2335 831 2397 aedem
857 2333 984 2409 Quirini
1007 2340 1194 2397 memoraret
1222 2352 1328 2416 neque
1347 2334 1467 2395 theatra

294 2439 387 2501 Balbi
406 2446 437 2503 et
457 2440 597 2502 Marcelli
616 2442 765 2521 novisset,
789 2461 862 2504 cum
883 2442 922 2504 de
941 2441 1083 2524 Pompeii
1107 2441 1174 2503 solo
1198 2442 1319 2502 theatro
1342 2440 1466 2523 lapideo

291 2546 389 2608 verba
419 2547 547 2625 faceret3
579 2548 673 2611 aedes
702 2554 806 2611 autem
833 2546 958 2623 Quirini
988 2566 1071 2610 anno
1101 2565 1128 2610 0.·
1152 2545 1221 2610 Ohr.
1246 2547 1288 2608 49
1318 2547 1465 2610 incendio

291 2660 480 2736 consumpta
503 2652 575 2731 (Dio
600 2656 651 2735 41,
675 2654 729 2736 14)
760 2674 832 2718 cum
856 2661 964 2737 postea
988 2654 1027 2716 ab
1050 2656 1199 2736 Augusto
1231 2654 1346 2716 refecta
1369 2653 1467 2736 (Mon.

293 2762 375 2823 Anc.
400 2762 429 2840 4,
454 2762 472 2822 6
498 2761 560 2840 lat.)
584 2767 615 2824 et
637 2780 720 2823 anno
745 2781 771 2824 a.
796 2760 864 2826 Chr.
891 2763 931 2823 16
957 2760 1100 2824 dedicata
1124 2767 1206 2823 esset
1228 2759 1303 2841 (Dio
1328 2762 1379 2841 54,
1404 2762 1465 2834 19.)

286 2873 389 2949 atque
409 2866 501 2929 Balbi
525 2874 556 2930 et
574 2866 716 2930 Marcelli
738 2869 860 2932 theatra
883 2870 974 2930 annis
996 2868 1036 2930 13
1057 2874 1087 2930 et
1108 2869 1145 2928 11
1172 2874 1334 2930 exstructa
1352 2874 1468 2948 essent,

286 2974 386 3056 sequi
411 2973 596 3037 Vitruvium
619 2975 703 3037 intra
726 2994 827 3037 annos
851 2996 877 3037 a.
902 2972 973 3037 Ohr.
1000 2975 1038 3036 16
1064 2979 1095 3036 et
1120 2975 1160 3035 13
1185 2972 1282 3036 libros
1306 2973 1345 3035 de
1368 2974 1468 3036 archi-

294 3085 416 3142 tectura
434 3082 651 3163 composuisse
669 3081 700 3144 e't
719 3082 869 3159 edidisse3
896 3100 977 3164 quae
1000 3082 1155 3143 sententia
1178 3080 1361 3144 etiamnunc
1383 3079 1465 3163 apud

294 3186 463 3269 plerosque
493 3190 579 3250 viros
609 3187 719 3250 doctos
748 3188 935 3270 pervulgata
966 3194 1026 3263 est;
1060 3187 1116 3249 sed
1146 3206 1224 3249 num
1254 3193 1337 3251 stare
1360 3188 1468 3270 possit,

291 3297 405 3376 postea
428 3293 613 3356 videbimus.

385 3416 537 3493 Quamvis
560 3420 645 3482 enim
668 3424 759 3482 acute
778 3421 956 3499 excogitata
976 3439 1045 3483 esse
1063 3419 1218 3500 videatur,
1242 3425 1348 3481 tamen
1367 3420 1467 3482 multo

294 3525 396 3607 magis
426 3525 603 3588 laudandus
633 3532 680 3589 est
709 3545 780 3589 mea
810 3526 939 3608 quidem
973 3528 1129 3590 sententia
1159 3524 1358 3606 Marinius,
1395 3544 1468 3588 cum

288 3630 372 3693 -dicit
396 3632 426 3714 (l.
450 3632 469 3695 l.
494 3652 523 3715 p.
546 3631 628 3694 XVI
651 3632 715 3716 sqt:
741 3630 831 3715 „Duo
854 3635 889 3696 in
913 3632 1053 3696 Vitruvii
1076 3651 1170 3715 opere
1193 3637 1334 3715 tempora
1359 3632 1469 3694 distin·

286 3738 422 3819 ,guenda
438 3745 525 3802 sunt:
548 3759 649 3803 unum
665 3741 786 3804 scilicet
802 3742 1044 3824 conscriptionis
1059 3748 1090 3803 et
1105 3739 1312 3803 dedicationis
1325 3739 1468 3801 alterum.

287 3843 348 3907 Ex
371 3845 431 3907 hac
453 3853 631 3931 temporum
660 3847 844 3910 diversitate
872 3848 951 3909 ratio
981 3849 1045 3930 peti
1069 3853 1170 3930 potest
1193 3845 1381 3928 explicandi,
1412 3865 1469 3908 cur

387 4023 431 4087 15)
449 4022 503 4075 The
530 4021 713 4076 Architecture
741 4022 769 4073 01
794 4021 829 4075 Μ.
852 4022 990 4076 Vitruvius
1017 4021 1108 4077 Pollio.
1144 4019 1297 4073 Translated
1324 4021 1394 4073 from
1421 4020 1469 4074 the

294 4091 405 4159 original
418 4090 484 4147 latin
496 4091 533 4161 by
545 4092 589 4145 W.
603 4092 723 4146 Newton.
760 4092 973 4147 Londinii1771.
1006 4097 1088 4161 repet.
1106 4092 1182 4147 1791.
1209 4090 1318 4145 Librum
1330 4091 1418 4159 ipsum
1427 4091 1470 4143 in·

287 4163 398 4231 ‚spicere
416 4163 480 4216 mihi
499 4179 552 4217 non
570 4163 652 4217 licuit

387 4250 431 4318 16)
450 4252 532 4321 Wolf,
551 4253 674 4307 Museum
692 4254 739 4307 der
758 4253 939 4308 Altertumsvv.
958 4252 979 4307 Ι,
1000 4272 1024 4323 p.
1043 4252 1097 4308 228
1114 4268 1170 4322 sqq.

387 4341 431 4406 17)
450 4341 477 4396 10
495 4341 616 4396 editionis
633 4358 697 4397 suae
715 4343 824 4412 (Romae
844 4342 924 4411 1836)
942 4343 1102 4412 praelatione
1120 4360 1146 4411 p.
1165 4342 1319 4397 ΙΧ-ΧΝ.
