3509 5292
773 553 988 614 ..37-

290 728 355 806 iam
380 725 412 789 0.
434 726 529 789 Curio
553 728 651 809 (anno
675 748 700 790 a.
721 726 792 791 Chr.
814 731 864 792 53.
911 728 990 792 Plin.
1010 727 1049 791 N.
1068 726 1109 790 H.
1131 728 1180 808 36,
1202 727 1279 809 116)
1303 733 1334 790 et
1353 725 1468 790 Caesar

289 834 425 897 dictator
448 843 484 914 (a.
504 836 556 899 44.
601 834 663 897 Dio
683 837 735 913 43,
755 836 810 915 22)
835 836 1121 916 exstruxerant373)
1145 834 1200 898 sed
1224 835 1278 897 illa
1302 837 1339 896 ut
1361 834 1467 916 lignea

291 961 355 1003 non
386 941 442 1003 diu
463 944 637 1004 steterunt.
684 942 784 1004 Immo
814 943 899 1023 qnod
928 942 1097 1004 Vitruvius
1128 942 1167 1004 do
1197 941 1404 1023 dispositione
1435 946 1466 1002 et

289 1049 539 1111 conformatione
558 1048 779 1131 amphitheatri
798 1049 877 1110 nihil
897 1048 1025 1130 profert,
1043 1049 1118 1112 inde
1138 1049 1286 1131 colligere
1304 1066 1466 1130 nosposse

288 1156 451 1217 existumo
481 1155 639 1238 lapideum
671 1154 791 1218 Romae
822 1155 1089 1237 amphitheatrum
1121 1155 1264 1217 nondum
1296 1155 1394 1219 fuisse
1427 1173 1465 1217 eo

290 1267 443 1344 tempore,
476 1281 539 1342 quo
564 1263 700 1344 scripsit,
733 1282 807 1324 nam
838 1262 876 1325 de
899 1263 1030 1324 theatris
1055 1263 1180 1344 copiose
1211 1262 1358 1344 disputat,
1391 1282 1466 1325 cum

289 1389 392 1431 unum
417 1375 538 1431 tantum
563 1369 722 1431 theatrum
747 1370 904 1452 lapideum
930 1374 998 1432 turn
1016 1367 1136 1432 Romae
1160 1370 1325 1432 exstiterit.
1364 1370 1467 1451 Atqui

287 1476 554 1558 amphitheatrum
584 1475 745 1558 lapideum
768 1478 905 1558 primum
928 1475 1047 1538 Romae
1070 1496 1089 1537 a
1112 1475 1233 1538 Statilio
1255 1475 1358 1538 Tauro
1382 1495 1466 1538 anno

289 1584 333 1645 29
359 1580 431 1661 (Dio
456 1584 506 1660 51,
529 1583 583 1664 23)
608 1583 726 1646 factum
750 1589 803 1645 est.
851 1581 964 1659 Quare,
987 1586 1015 1645 si
1038 1588 1111 1646 ante
1135 1582 1194 1644 hoc
1217 1589 1342 1664 tempus
1365 1583 1463 1664 scrip·

286 1691 330 1760 sit
355 1689 529 1761 Vitruvius,
554 1691 729 1772 expeditur,
760 1691 792 1751 ni
815 1689 916 1770 fallor,
947 1709 1004 1751 cur
1028 1699 1058 1752 et
1082 1692 1211 1752 omnino
1236 1689 1465 1772 amphitheatra

289 1804 323 1859 et
346 1797 425 1858 illud
443 1796 715 1878 ,amphitheatrum
739 1797 976 1860 nobilissimum
1000 1796 1126 1858 silentio
1150 1797 1318 1858 transierit.

383 1902 470 1977 Quae
494 1903 533 1965 de
557 1903 703 1966 balneis
730 1904 896 1966 Vitruvius
927 1904 1027 1986 capite
1052 1903 1173 1965 decimo
1197 1904 1335 1983 exponit,
1366 1903 1464 1963 inter-

288 2012 465 2092 pretatione
496 2018 598 2092 egent,
629 2030 701 2072 cum
726 2030 790 2072 non
813 2010 953 2073 fontibus
976 2028 1013 2072 oa
1036 2009 1151 2089 deberi,
1182 2007 1238 2070 sed
1262 2027 1302 2070 ex
1327 2008 1467 2071 Vitruvii

289 2120 393 2199 ipsius
417 2118 558 2179 doctrina
581 2116 720 2199 proiecta
744 2136 810 2180 esse
833 2126 982 2200 appareat
1012 2124 1106 2198 atque
1136 2117 1213 2177 certi
1244 2117 1394 2198 temporis
1418 2116 1467 2177 in·

289 2225 374 2286 dicia
409 2226 441 2285 in
477 2226 523 2287 eis
558 2225 665 2286 insint.
718 2222 832 2306 Neque
867 2243 942 2286 vero
975 2230 1074 2287 totum
1112 2231 1207 2304 caput
1239 2224 1466 2285 commentario

290 2333 406 2394 instrui
430 2339 537 2393 nostra
560 2333 699 2412 interest,
725 2349 823 2413 qnare
847 2332 923 2393 satis
948 2331 1100 2394 habemus
1123 2348 1298 2412 provocare
1322 2330 1363 2391 ad
1382 2331 1467 2392 viros

252 2499 255 2504 .
290 2440 410 2517 doctos,
422 2440 457 2508 ⁷4)
489 2441 544 2519 qui
574 2438 613 2499 de
644 2438 702 2499 hao
725 2457 759 2501 re
783 2440 961 2501 accuratius
985 2442 1128 2519 egerunt,
1159 2443 1255 2519 atque
1286 2456 1322 2499 ea
1344 2443 1467 2499 tantum

289 2564 546 2624 commemorare,
571 2563 652 2627 quae
676 2546 706 2606 b.
729 2545 747 2607 l.
772 2547 958 2607 incensum
984 2546 1124 2607 veniunt.

381 2651 507 2714 Etenim
545 2672 616 2715 curn
650 2652 762 2715 balnea
798 2654 862 2715 iam
896 2652 1017 2714 dudum
1052 2658 1124 2714 ante
1156 2650 1344 2714 Vitruvium
1382 2651 1466 2734 apud

290 2759 453 2822 Romanos
482 2761 514 2821 in
546 2780 608 2821 usu
639 2761 763 2840 tuerint,
795 2760 826 2821 id
857 2765 980 2821 tantum
1004 2760 1174 2841 quaeritur,
1206 2778 1283 2820 num
1308 2758 1465 2839 quaedam

290 2869 423 2930 inventa
447 2867 516 2929 eius
539 2868 648 2928 aetatis
667 2867 793 2948 propria
816 2868 892 2943 sint3
918 2865 1016 2928 veluti
1041 2866 1233 2946 „testudines
1257 2864 1462 2945 alveolorum,

290 2994 374 3057 quae
390 2993 431 3036 ex
445 2974 604 3036 communi
618 2973 793 3055 hypocausi
808 2972 1054 3035 calefaciuntnr“
1071 2974 1110 3055 (p.
1124 2974 1309 3053 125,13sqt
1326 2972 1467 3035 Vitruvii

293 3082 420 3143 demum
441 3080 634 3162 temporibus
653 3081 686 3141 in
707 3100 798 3142 usum
818 3098 933 3142 venere
953 3087 984 3141 et
1002 3080 1204 3161 imperatoria
1223 3079 1352 3141 demum
1364 3085 1468 3141 aetate

293 3188 519 3271 pervulgata⁷⁵l
543 3187 683 3249 inerunt.

384 3294 498 3357 Contra
522 3312 776 3375 suspensurae
800 3294 1055 3357 caldariorum
1079 3300 1118 3376 (p.
1141 3294 1213 3373 125,
1238 3294 1292 3372 15)
1316 3294 1465 3356 inventae

292 3422 362 3465 esse
394 3403 542 3464 dicuntur
575 3421 600 3463 a.
625 3400 656 3463 0.
681 3401 790 3484 Sergio
822 3400 918 3463 Orata
947 3402 1039 3462 initio
1070 3401 1163 3482 primi
1194 3420 1220 3462 a.
1245 3397 1315 3464 Chr.
1346 3399 1465 3462 saeculi

293 3508 369 3591 (Cic.
390 3509 471 3591 apud
492 3508 572 3571 Non.
587 3510 658 3590 194,
680 3511 734 3586 12,
760 3507 841 3570 Plin.
862 3509 891 3588 9,
912 3509 1000 3587 168);
1025 3508 1178 3589 tepidario
1200 3526 1276 3570 vcro
1301 3527 1379 3568 num
1402 3509 1468 3568 iam

293 3618 348 3678 illo
372 3622 511 3698 tempore
535 3614 651 3678 talibus
679 3615 831 3696 „balineis
858 3614 1051 3697 pensilibus“
1080 3619 1241 3677 exstructa
1263 3613 1389 3694 fuerint,
1422 3612 1469 3675 di-

293 3730 469 3806 sceptatum
485 3727 532 3783 est
546 3742 564 3783 a
579 3723 657 3784 viris
673 3723 780 3802 doctis,
804 3742 875 3784 cum
897 3721 1064 3783 Vitruvius
1083 3721 1162 3782 nihil
1182 3720 1220 3783 de
1240 3721 1297 3782 hac
1316 3738 1349 3782 re
1369 3718 1467 3799 dicat3
1494 3767 1497 3774 .

384 3864 428 3926 73)
448 3862 640 3916 Friedlaender.
678 3862 695 3915 l.
714 3862 731 3915 l.
751 3881 776 3930 p.
796 3861 856 3920 362,
876 3862 950 3917 363.ι

384 3935 428 4000 74)
448 3935 531 3986 Durm
556 3934 573 3986 l.
588 3935 605 3986 l.
621 3952 645 4001 p.
664 3935 716 3988 357
731 3950 786 4002 sqq.
824 3934 876 3987 700
895 3949 951 4001 sqq.
997 3933 1070 3986 P-W
1088 3932 1116 3985 Π
1139 3932 1208 3986 2743
1232 3949 1288 4000 sqq.
1304 3949 1325 3989 s.
1340 3950 1367 3985 v.
1381 3933 1470 3986 Bauer

293 4002 376 4071 (Mau)
397 4005 658 4072 Dar·emberg·Saglio
677 4005 873 4072 „Dictionnaire
887 4006 934 4057 des
947 4002 1105 4073 antiquites‘·
1125 4004 1204 4058 1652
1218 4020 1273 4071 sqq.
1289 4019 1310 4057 s.
1325 4020 1350 4055 v.
1367 4004 1468 4058 balnea.

295 4078 320 4128 V
339 4077 392 4130 348
411 4093 431 4129 s.
451 4094 475 4127 v.
495 4077 661 4143 hypocausis,
681 4075 749 4129 alibi.

385 4150 428 4210 75)
447 4148 518 4200 dian
554 4147 644 4213 Pomp.
671 4148 688 4200 i.
714 4148 744 4203 L.
763 4165 789 4200 u.
809 4148 841 4204 K.
865 4164 890 4214 p.
912 4147 971 4200 179,
998 4149 1049 4201 357
1073 4148 1116 4216 fig.
1142 4147 1201 4200 189.
1247 4147 1323 4200 Rom.
1342 4146 1410 4202 Mitt.
1430 4146 1470 4200 VI

296 4220 363 4273 1891
386 4236 409 4287 p.
424 4218 476 4272 266
497 4234 535 4285 sq.
572 4219 645 4272 P-lV
663 4218 676 4271 Ι
697 4219 766 4273 1704
784 4235 822 4286 sq.
844 4235 864 4271 s.
880 4235 905 4274 v.
927 4218 1027 4272 alveus
1069 4219 1153 4271 Durm
1173 4218 1223 4271 l.l.
1244 4234 1268 4284 p.
1285 4217 1344 4272 705.
1374 4218 1470 4270 Duhn-

293 4290 388 4345 Jacobi
407 4290 479 4355 „Der
492 4290 589 4358 grieoh.
603 4290 709 4357 Tempel
726 4292 753 4342 in
768 4290 905 4357 Pompeji“
925 4290 994 4354 1889
1014 4306 1039 4356 p.
1057 4290 1099 4342 33.
1137 4289 1295 4341 Vitruviana
1313 4290 1378 4342 haec
1397 4289 1469 4343 notio

295 4362 372 4415 verbi
391 4362 530 4428 „testnd0“
551 4363 594 4427 (=
613 4361 923 4429 halboylinderidrmiger
941 4362 1043 4424 Kessell
1064 4361 1092 4413 in
1109 4360 1201 4414 lexicis
1220 4360 1340 4428 neglecta
1357 4365 1406 4419 cst,
