<?xml version="1.0" encoding="UTF-8"?>
<!DOCTYPE html PUBLIC "-//W3C//DTD XHTML 1.0 Transitional//EN"
    "http://www.w3.org/TR/xhtml1/DTD/xhtml1-transitional.dtd">
<html xmlns="http://www.w3.org/1999/xhtml" xml:lang="en" lang="en">
 <head>
  <title>
</title>
<meta http-equiv="Content-Type" content="text/html;charset=utf-8" />
  <meta name='ocr-system' content='tesseract 3.04.00' />
  <meta name='ocr-capabilities' content='ocr_page ocr_carea ocr_par ocr_line ocrx_word'/>
</head>
<body>
  <div class='ocr_page' id='page_1' title='image "./quaestionumvitr01dietgoog_0027.png"; bbox 0 0 3509 5292; ppageno 0'>
   <div class='ocr_carea' id='block_1_1' title="bbox 774 519 986 579">
    <p class='ocr_par' dir='ltr' id='par_1_1' title="bbox 774 519 986 579">
     <span class='ocr_line' id='line_1_1' title="bbox 774 519 986 579; baseline -0.014 -13"><span class='ocrx_word' id='word_1_1' title='bbox 774 519 986 579; x_wconf 82' lang='grc'><strong>...23-</strong></span> 
     </span>
    </p>
   </div>
   <div class='ocr_carea' id='block_1_2' title="bbox 288 694 1469 4087">
    <p class='ocr_par' dir='ltr' id='par_1_2' title="bbox 288 694 1469 2807">
     <span class='ocr_line' id='line_1_2' title="bbox 288 694 1465 777; baseline 0.001 -21"><span class='ocrx_word' id='word_1_2' title='bbox 288 696 471 777; x_wconf 85' lang='lat' dir='ltr'>peretur.²⁰)</span> <span class='ocrx_word' id='word_1_3' title='bbox 524 694 617 770; x_wconf 77' lang='lat' dir='ltr'>Quod</span> <span class='ocrx_word' id='word_1_4' title='bbox 648 695 771 758; x_wconf 91' lang='lat' dir='ltr'>duabus</span> <span class='ocrx_word' id='word_1_5' title='bbox 801 696 840 756; x_wconf 92' lang='lat' dir='ltr'>de</span> <span class='ocrx_word' id='word_1_6' title='bbox 870 696 974 758; x_wconf 90' lang='lat' dir='ltr'>causis</span> <span class='ocrx_word' id='word_1_7' title='bbox 1007 696 1083 757; x_wconf 87' lang='lat' dir='ltr'>mihi</span> <span class='ocrx_word' id='word_1_8' title='bbox 1114 694 1275 777; x_wconf 79' lang='lat' dir='ltr'>probabile</span> <span class='ocrx_word' id='word_1_9' title='bbox 1307 714 1370 758; x_wconf 89' lang='lat' dir='ltr'>non</span> <span class='ocrx_word' id='word_1_10' title='bbox 1404 703 1465 758; x_wconf 88' lang='lat' dir='ltr'>est:</span> 
     </span>
     <span class='ocr_line' id='line_1_3' title="bbox 289 801 1468 883; baseline 0 -20"><span class='ocrx_word' id='word_1_11' title='bbox 289 802 432 883; x_wconf 89' lang='lat' dir='ltr'>primum</span> <span class='ocrx_word' id='word_1_12' title='bbox 467 803 552 883; x_wconf 92' lang='lat' dir='ltr'>quod</span> <span class='ocrx_word' id='word_1_13' title='bbox 585 802 768 865; x_wconf 88' lang='lat' dir='ltr'>incendium</span> <span class='ocrx_word' id='word_1_14' title='bbox 802 802 881 863; x_wconf 92' lang='lat' dir='ltr'>illud</span> <span class='ocrx_word' id='word_1_15' title='bbox 920 821 982 863; x_wconf 94' lang='lat' dir='ltr'>non</span> <span class='ocrx_word' id='word_1_16' title='bbox 1023 808 1086 864; x_wconf 89' lang='lat' dir='ltr'>tarn</span> <span class='ocrx_word' id='word_1_17' title='bbox 1119 803 1290 864; x_wconf 88' lang='lat' dir='ltr'>vehemens</span> <span class='ocrx_word' id='word_1_18' title='bbox 1322 801 1394 880; x_wconf 89' lang='lat' dir='ltr'>fuit,</span> <span class='ocrx_word' id='word_1_19' title='bbox 1432 808 1468 864; x_wconf 88' lang='lat' dir='ltr'>ut</span> 
     </span>
     <span class='ocr_line' id='line_1_4' title="bbox 289 907 1467 991; baseline 0.002 -22"><span class='ocrx_word' id='word_1_20' title='bbox 289 909 447 990; x_wconf 89' lang='lat' dir='ltr'>templum</span> <span class='ocrx_word' id='word_1_21' title='bbox 479 928 606 991; x_wconf 92' lang='grc'><strong>666666</strong></span> <span class='ocrx_word' id='word_1_22' title='bbox 634 907 846 989; x_wconf 85' lang='lat' dir='ltr'>conflagrasse</span> <span class='ocrx_word' id='word_1_23' title='bbox 875 908 1052 990; x_wconf 87' lang='lat' dir='ltr'>putandum</span> <span class='ocrx_word' id='word_1_24' title='bbox 1079 910 1128 988; x_wconf 88' lang='lat' dir='ltr'>sit,</span> <span class='ocrx_word' id='word_1_25' title='bbox 1157 928 1262 990; x_wconf 92' lang='grc'><strong>66666</strong></span> <span class='ocrx_word' id='word_1_26' title='bbox 1286 910 1325 971; x_wconf 91' lang='lat' dir='ltr'>de</span> <span class='ocrx_word' id='word_1_27' title='bbox 1354 910 1467 971; x_wconf 84' lang='lat' dir='ltr'>haere</span> 
     </span>
     <span class='ocr_line' id='line_1_5' title="bbox 291 1015 1468 1098; baseline 0.002 -21"><span class='ocrx_word' id='word_1_28' title='bbox 291 1016 471 1097; x_wconf 84' lang='lat' dir='ltr'>quidquam</span> <span class='ocrx_word' id='word_1_29' title='bbox 495 1016 723 1097; x_wconf 70' lang='lat' dir='ltr'>comperimus,</span> <span class='ocrx_word' id='word_1_30' title='bbox 756 1015 869 1077; x_wconf 89' lang='lat' dir='ltr'>deinde</span> <span class='ocrx_word' id='word_1_31' title='bbox 894 1015 978 1097; x_wconf 92' lang='lat' dir='ltr'>quod</span> <span class='ocrx_word' id='word_1_32' title='bbox 1003 1034 1044 1077; x_wconf 89' lang='lat' dir='ltr'>ex</span> <span class='ocrx_word' id='word_1_33' title='bbox 1066 1015 1162 1077; x_wconf 84' lang='lat' dir='ltr'><strong>Taciti</strong></span> <span class='ocrx_word' id='word_1_34' title='bbox 1188 1015 1294 1077; x_wconf 87' lang='lat' dir='ltr'>verbis</span> <span class='ocrx_word' id='word_1_35' title='bbox 1318 1035 1468 1098; x_wconf 87' lang='lat' dir='ltr'>apparere</span> 
     </span>
     <span class='ocr_line' id='line_1_6' title="bbox 292 1122 1467 1205; baseline 0.002 -22"><span class='ocrx_word' id='word_1_36' title='bbox 292 1123 424 1184; x_wconf 89' lang='lat' dir='ltr'>videtur</span> <span class='ocrx_word' id='word_1_37' title='bbox 446 1123 598 1205; x_wconf 88' lang='lat' dir='ltr'>templum</span> <span class='ocrx_word' id='word_1_38' title='bbox 623 1122 703 1184; x_wconf 90' lang='lat' dir='ltr'>illud</span> <span class='ocrx_word' id='word_1_39' title='bbox 725 1140 790 1183; x_wconf 92' lang='lat' dir='ltr'>non</span> <span class='ocrx_word' id='word_1_40' title='bbox 814 1122 910 1204; x_wconf 89' lang='lat' dir='ltr'>paulo</span> <span class='ocrx_word' id='word_1_41' title='bbox 933 1129 1102 1204; x_wconf 84' lang='lat' dir='ltr'>antequam</span> <span class='ocrx_word' id='word_1_42' title='bbox 1128 1124 1250 1205; x_wconf 88' lang='lat' dir='ltr'>equites</span> <span class='ocrx_word' id='word_1_43' title='bbox 1274 1142 1310 1185; x_wconf 90' lang='lat' dir='ltr'>eo</span> <span class='ocrx_word' id='word_1_44' title='bbox 1330 1130 1467 1204; x_wconf 77' lang='lat' dir='ltr'>egerent,</span> 
     </span>
     <span class='ocr_line' id='line_1_7' title="bbox 290 1228 1468 1311; baseline 0 -20"><span class='ocrx_word' id='word_1_45' title='bbox 290 1230 441 1291; x_wconf 87' lang='lat' dir='ltr'>interisse</span> <span class='ocrx_word' id='word_1_46' title='bbox 472 1264 511 1274; x_wconf 91' lang='lat'>—-</span> <span class='ocrx_word' id='word_1_47' title='bbox 544 1228 700 1291; x_wconf 88' lang='lat' dir='ltr'>theatrum</span> <span class='ocrx_word' id='word_1_48' title='bbox 732 1230 817 1290; x_wconf 88' lang='lat' dir='ltr'>enim</span> <span class='ocrx_word' id='word_1_49' title='bbox 846 1237 918 1311; x_wconf 92' lang='lat' dir='ltr'>post</span> <span class='ocrx_word' id='word_1_50' title='bbox 949 1249 1069 1291; x_wconf 91' lang='lat' dir='ltr'>annum</span> <span class='ocrx_word' id='word_1_51' title='bbox 1102 1229 1230 1291; x_wconf 91' lang='lat' dir='ltr'>demum</span> <span class='ocrx_word' id='word_1_52' title='bbox 1263 1249 1291 1311; x_wconf 90' lang='lat' dir='ltr'>p.</span> <span class='ocrx_word' id='word_1_53' title='bbox 1324 1229 1393 1292; x_wconf 80' lang='lat' dir='ltr'>Chr.</span> <span class='ocrx_word' id='word_1_54' title='bbox 1425 1232 1468 1309; x_wconf 79' lang='grc'>20</span> 
     </span>
     <span class='ocr_line' id='line_1_8' title="bbox 291 1334 1467 1419; baseline 0.001 -22"><span class='ocrx_word' id='word_1_55' title='bbox 291 1334 506 1414; x_wconf 83' lang='lat' dir='ltr'>conflagrasse</span> <span class='ocrx_word' id='word_1_56' title='bbox 530 1354 570 1397; x_wconf 82' lang='lat' dir='ltr'>ex</span> <span class='ocrx_word' id='word_1_57' title='bbox 594 1336 655 1397; x_wconf 92' lang='lat' dir='ltr'>alio</span> <span class='ocrx_word' id='word_1_58' title='bbox 680 1336 748 1398; x_wconf 91' lang='lat' dir='ltr'>loco</span> <span class='ocrx_word' id='word_1_59' title='bbox 768 1335 866 1397; x_wconf 82' lang='lat' dir='ltr'>Taciti</span> <span class='ocrx_word' id='word_1_60' title='bbox 886 1334 945 1408; x_wconf 88' lang='lat' dir='ltr'>(Ill</span> <span class='ocrx_word' id='word_1_61' title='bbox 965 1336 1021 1417; x_wconf 79' lang='grc'>23)</span> <span class='ocrx_word' id='word_1_62' title='bbox 1040 1336 1252 1419; x_wconf 85' lang='lat' dir='ltr'>colligendum</span> <span class='ocrx_word' id='word_1_63' title='bbox 1277 1345 1388 1399; x_wconf 89' lang='lat' dir='ltr'>est-</span> <span class='ocrx_word' id='word_1_64' title='bbox 1412 1337 1467 1399; x_wconf 86' lang='lat' dir='ltr'>sed</span> 
     </span>
     <span class='ocr_line' id='line_1_9' title="bbox 291 1441 1468 1525; baseline 0.003 -22"><span class='ocrx_word' id='word_1_65' title='bbox 291 1444 356 1503; x_wconf 87' lang='lat' dir='ltr'>iarn</span> <span class='ocrx_word' id='word_1_66' title='bbox 389 1443 587 1524; x_wconf 89' lang='lat' dir='ltr'>aliquantum</span> <span class='ocrx_word' id='word_1_67' title='bbox 612 1443 762 1525; x_wconf 87' lang='lat' dir='ltr'>temporis</span> <span class='ocrx_word' id='word_1_68' title='bbox 792 1444 987 1524; x_wconf 88' lang='lat' dir='ltr'>praeterisse,</span> <span class='ocrx_word' id='word_1_69' title='bbox 1017 1462 1058 1504; x_wconf 87' lang='lat' dir='ltr'>ex</span> <span class='ocrx_word' id='word_1_70' title='bbox 1080 1462 1143 1524; x_wconf 92' lang='lat' dir='ltr'>quo</span> <span class='ocrx_word' id='word_1_71' title='bbox 1171 1441 1286 1504; x_wconf 76' lang='lat' dir='ltr'>t&#39;lomae</span> <span class='ocrx_word' id='word_1_72' title='bbox 1309 1443 1468 1506; x_wconf 82' lang='lat' dir='ltr'>Fortunae</span> 
     </span>
     <span class='ocr_line' id='line_1_10' title="bbox 292 1549 1468 1632; baseline 0.001 -21"><span class='ocrx_word' id='word_1_73' title='bbox 292 1551 449 1631; x_wconf 90' lang='lat' dir='ltr'>equestris</span> <span class='ocrx_word' id='word_1_74' title='bbox 472 1549 623 1630; x_wconf 90' lang='lat' dir='ltr'>templum</span> <span class='ocrx_word' id='word_1_75' title='bbox 648 1549 786 1622; x_wconf 71' lang='lat' dir='ltr'>exstitit,</span> <span class='ocrx_word' id='word_1_76' title='bbox 817 1549 937 1611; x_wconf 89' lang='lat' dir='ltr'>nullam</span> <span class='ocrx_word' id='word_1_77' title='bbox 968 1551 1050 1612; x_wconf 91' lang='lat' dir='ltr'>enim</span> <span class='ocrx_word' id='word_1_78' title='bbox 1082 1551 1155 1612; x_wconf 87' lang='lat' dir='ltr'>talis</span> <span class='ocrx_word' id='word_1_79' title='bbox 1185 1551 1293 1632; x_wconf 86' lang='lat' dir='ltr'>templi</span> <span class='ocrx_word' id='word_1_80' title='bbox 1326 1552 1468 1613; x_wconf 83' lang='lat' dir='ltr'>notitiam</span> 
     </span>
     <span class='ocr_line' id='line_1_11' title="bbox 292 1654 1468 1740; baseline 0.002 -23"><span class='ocrx_word' id='word_1_81' title='bbox 292 1657 334 1717; x_wconf 89' lang='lat' dir='ltr'>ad</span> <span class='ocrx_word' id='word_1_82' title='bbox 358 1655 455 1717; x_wconf 84' lang='lat' dir='ltr'>Taciti</span> <span class='ocrx_word' id='word_1_83' title='bbox 479 1675 571 1718; x_wconf 90' lang='lat' dir='ltr'>aures</span> <span class='ocrx_word' id='word_1_84' title='bbox 595 1656 775 1738; x_wconf 88' lang='lat' dir='ltr'>pervenisse</span> <span class='ocrx_word' id='word_1_85' title='bbox 799 1654 894 1717; x_wconf 90' lang='lat' dir='ltr'>verba</span> <span class='ocrx_word' id='word_1_86' title='bbox 918 1657 986 1718; x_wconf 89' lang='grc'><strong>6166</strong></span> <span class='ocrx_word' id='word_1_87' title='bbox 1010 1658 1186 1739; x_wconf 84' lang='lat' dir='ltr'>significare</span> <span class='ocrx_word' id='word_1_88' title='bbox 1211 1658 1285 1718; x_wconf 84' lang='lat' dir='ltr'>milri</span> <span class='ocrx_word' id='word_1_89' title='bbox 1309 1656 1468 1740; x_wconf 79' lang='lat' dir='ltr'>videntur,</span> 
     </span>
     <span class='ocr_line' id='line_1_12' title="bbox 293 1762 1468 1846; baseline 0.002 -22"><span class='ocrx_word' id='word_1_90' title='bbox 293 1764 381 1845; x_wconf 92' lang='lat' dir='ltr'>quod</span> <span class='ocrx_word' id='word_1_91' title='bbox 406 1781 481 1824; x_wconf 89' lang='lat' dir='ltr'>sane</span> <span class='ocrx_word' id='word_1_92' title='bbox 504 1762 572 1824; x_wconf 90' lang='lat' dir='ltr'>fieri</span> <span class='ocrx_word' id='word_1_93' title='bbox 596 1763 708 1845; x_wconf 87' lang='lat' dir='ltr'>potuit,</span> <span class='ocrx_word' id='word_1_94' title='bbox 739 1763 765 1823; x_wconf 91' lang='lat' dir='ltr'>si</span> <span class='ocrx_word' id='word_1_95' title='bbox 797 1763 960 1843; x_wconf 90' lang='lat' dir='ltr'>aliquanto</span> <span class='ocrx_word' id='word_1_96' title='bbox 991 1770 1064 1825; x_wconf 88' lang='lat' dir='ltr'>ante</span> <span class='ocrx_word' id='word_1_97' title='bbox 1088 1764 1129 1824; x_wconf 88' lang='grc'>22</span> <span class='ocrx_word' id='word_1_98' title='bbox 1161 1771 1334 1825; x_wconf 84' lang='lat' dir='ltr'>evanuerat</span> <span class='ocrx_word' id='word_1_99' title='bbox 1363 1783 1468 1846; x_wconf 89' lang='lat' dir='ltr'>neque</span> 
     </span>
     <span class='ocr_line' id='line_1_13' title="bbox 294 1867 1468 1943; baseline 0.001 -12"><span class='ocrx_word' id='word_1_100' title='bbox 294 1872 360 1931; x_wconf 88' lang='lat' dir='ltr'>iam</span> <span class='ocrx_word' id='word_1_101' title='bbox 392 1870 424 1930; x_wconf 91' lang='lat' dir='ltr'>in</span> <span class='ocrx_word' id='word_1_102' title='bbox 455 1870 618 1931; x_wconf 91' lang='lat' dir='ltr'>hominum</span> <span class='ocrx_word' id='word_1_103' title='bbox 650 1871 801 1931; x_wconf 87' lang='lat' dir='ltr'>memoria</span> <span class='ocrx_word' id='word_1_104' title='bbox 832 1876 907 1931; x_wconf 88' lang='lat' dir='ltr'>erat.</span> <span class='ocrx_word' id='word_1_105' title='bbox 963 1867 1085 1943; x_wconf 78' lang='lat' dir='ltr'>Quodsi</span> <span class='ocrx_word' id='word_1_106' title='bbox 1117 1871 1351 1932; x_wconf 85' lang='lat' dir='ltr'>consideramus</span> <span class='ocrx_word' id='word_1_107' title='bbox 1384 1889 1468 1932; x_wconf 91' lang='lat' dir='ltr'>anno</span> 
     </span>
     <span class='ocr_line' id='line_1_14' title="bbox 292 1974 1466 2059; baseline 0 -20"><span class='ocrx_word' id='word_1_108' title='bbox 292 1997 319 2039; x_wconf 88' lang='lat' dir='ltr'>a.</span> <span class='ocrx_word' id='word_1_109' title='bbox 332 1974 403 2038; x_wconf 86' lang='lat' dir='ltr'>Chr.</span> <span class='ocrx_word' id='word_1_110' title='bbox 419 1978 456 2039; x_wconf 84' lang='lat'>31</span> <span class='ocrx_word' id='word_1_111' title='bbox 485 1978 654 2039; x_wconf 90' lang='lat' dir='ltr'>vehemens</span> <span class='ocrx_word' id='word_1_112' title='bbox 677 1976 860 2038; x_wconf 89' lang='lat' dir='ltr'>incendium</span> <span class='ocrx_word' id='word_1_113' title='bbox 883 1976 992 2038; x_wconf 89' lang='lat' dir='ltr'>urbem</span> <span class='ocrx_word' id='word_1_114' title='bbox 1012 1976 1232 2056; x_wconf 76' lang='lat' dir='ltr'>devastasse21)</span> <span class='ocrx_word' id='word_1_115' title='bbox 1257 1983 1352 2059; x_wconf 88' lang='lat' dir='ltr'>atque</span> <span class='ocrx_word' id='word_1_116' title='bbox 1372 1978 1466 2059; x_wconf 89' lang='lat' dir='ltr'>paulo</span> 
     </span>
     <span class='ocr_line' id='line_1_15' title="bbox 291 2083 1468 2166; baseline 0.001 -21"><span class='ocrx_word' id='word_1_117' title='bbox 291 2089 364 2165; x_wconf 85' lang='lat' dir='ltr'>post</span> <span class='ocrx_word' id='word_1_118' title='bbox 381 2085 484 2166; x_wconf 87' lang='lat' dir='ltr'>ipsum</span> <span class='ocrx_word' id='word_1_119' title='bbox 501 2084 643 2165; x_wconf 87' lang='lat' dir='ltr'>Pompeii</span> <span class='ocrx_word' id='word_1_120' title='bbox 657 2087 822 2161; x_wconf 87' lang='lat' dir='ltr'>theatrum,</span> <span class='ocrx_word' id='word_1_121' title='bbox 838 2103 855 2145; x_wconf 87' lang='lat' dir='ltr'>a</span> <span class='ocrx_word' id='word_1_122' title='bbox 873 2102 936 2165; x_wconf 95' lang='lat' dir='ltr'>quo</span> <span class='ocrx_word' id='word_1_123' title='bbox 954 2102 1051 2165; x_wconf 90' lang='lat' dir='ltr'>prope</span> <span class='ocrx_word' id='word_1_124' title='bbox 1069 2083 1176 2145; x_wconf 89' lang='lat' dir='ltr'>aberat</span> <span class='ocrx_word' id='word_1_125' title='bbox 1192 2083 1286 2145; x_wconf 85' lang='lat' dir='ltr'>aedes</span> <span class='ocrx_word' id='word_1_126' title='bbox 1302 2084 1468 2164; x_wconf 84' lang='lat' dir='ltr'>Fortunae,</span> 
     </span>
     <span class='ocr_line' id='line_1_16' title="bbox 292 2189 1467 2273; baseline -0.001 -21"><span class='ocrx_word' id='word_1_127' title='bbox 292 2191 472 2252; x_wconf 87' lang='lat' dir='ltr'>restitutum</span> <span class='ocrx_word' id='word_1_128' title='bbox 494 2192 611 2271; x_wconf 75' lang='lat' dir='ltr'>esse,²²l</span> <span class='ocrx_word' id='word_1_129' title='bbox 631 2190 739 2272; x_wconf 86' lang='lat' dir='ltr'>aliqua</span> <span class='ocrx_word' id='word_1_130' title='bbox 757 2209 829 2253; x_wconf 91' lang='lat' dir='ltr'>cum</span> <span class='ocrx_word' id='word_1_131' title='bbox 848 2189 1069 2273; x_wconf 90' lang='lat' dir='ltr'>probabilitate</span> <span class='ocrx_word' id='word_1_132' title='bbox 1086 2190 1132 2252; x_wconf 90' lang='lat' dir='ltr'>illi</span> <span class='ocrx_word' id='word_1_133' title='bbox 1153 2192 1284 2273; x_wconf 86' lang='lat' dir='ltr'>tempori</span> <span class='ocrx_word' id='word_1_134' title='bbox 1303 2192 1467 2253; x_wconf 89' lang='lat' dir='ltr'>interitum</span> 
     </span>
     <span class='ocr_line' id='line_1_17' title="bbox 293 2296 1469 2379; baseline 0.001 -20"><span class='ocrx_word' id='word_1_135' title='bbox 293 2297 383 2359; x_wconf 83' lang='lat' dir='ltr'>aedis</span> <span class='ocrx_word' id='word_1_136' title='bbox 399 2296 556 2359; x_wconf 80' lang='lat' dir='ltr'>Fortunae</span> <span class='ocrx_word' id='word_1_137' title='bbox 573 2299 728 2379; x_wconf 89' lang='lat' dir='ltr'>equestris</span> <span class='ocrx_word' id='word_1_138' title='bbox 752 2297 938 2376; x_wconf 89' lang='lat' dir='ltr'>tribuamus,</span> <span class='ocrx_word' id='word_1_139' title='bbox 960 2296 1047 2359; x_wconf 91' lang='lat' dir='ltr'>unde</span> <span class='ocrx_word' id='word_1_140' title='bbox 1063 2297 1176 2358; x_wconf 89' lang='lat' dir='ltr'>iterum</span> <span class='ocrx_word' id='word_1_141' title='bbox 1195 2307 1344 2379; x_wconf 87' lang='lat' dir='ltr'>appareat</span> <span class='ocrx_word' id='word_1_142' title='bbox 1357 2297 1469 2360; x_wconf 86' lang='lat' dir='ltr'>Vitru-</span> 
     </span>
     <span class='ocr_line' id='line_1_18' title="bbox 292 2402 1468 2487; baseline 0 -23"><span class='ocrx_word' id='word_1_143' title='bbox 292 2404 381 2465; x_wconf 82' lang='lat' dir='ltr'>vium</span> <span class='ocrx_word' id='word_1_144' title='bbox 407 2410 480 2466; x_wconf 88' lang='lat' dir='ltr'>ante</span> <span class='ocrx_word' id='word_1_145' title='bbox 498 2425 523 2466; x_wconf 92' lang='lat' dir='ltr'>a.</span> <span class='ocrx_word' id='word_1_146' title='bbox 545 2406 585 2466; x_wconf 83' lang='lat'>31</span> <span class='ocrx_word' id='word_1_147' title='bbox 610 2406 781 2487; x_wconf 89' lang='lat' dir='ltr'>scripsisse.</span> <span class='ocrx_word' id='word_1_148' title='bbox 825 2402 936 2485; x_wconf 87' lang='lat' dir='ltr'>Neque</span> <span class='ocrx_word' id='word_1_149' title='bbox 961 2422 1035 2465; x_wconf 90' lang='lat' dir='ltr'>vero</span> <span class='ocrx_word' id='word_1_150' title='bbox 1060 2405 1134 2465; x_wconf 89' lang='lat' dir='ltr'>huic</span> <span class='ocrx_word' id='word_1_151' title='bbox 1157 2411 1351 2485; x_wconf 84' lang='lat' dir='ltr'>argumento,</span> <span class='ocrx_word' id='word_1_152' title='bbox 1381 2402 1468 2486; x_wconf 92' lang='lat' dir='ltr'>quod</span> 
     </span>
     <span class='ocr_line' id='line_1_19' title="bbox 292 2510 1468 2592; baseline 0.001 -21"><span class='ocrx_word' id='word_1_153' title='bbox 292 2510 395 2591; x_wconf 90' lang='lat' dir='ltr'>magis</span> <span class='ocrx_word' id='word_1_154' title='bbox 427 2513 608 2574; x_wconf 85' lang='lat' dir='ltr'>coniectura</span> <span class='ocrx_word' id='word_1_155' title='bbox 647 2518 811 2573; x_wconf 89' lang='lat' dir='ltr'>assecutus</span> <span class='ocrx_word' id='word_1_156' title='bbox 843 2530 916 2572; x_wconf 89' lang='lat' dir='ltr'>sum</span> <span class='ocrx_word' id='word_1_157' title='bbox 950 2523 1043 2592; x_wconf 84' lang='lat' dir='ltr'>quam</span> <span class='ocrx_word' id='word_1_158' title='bbox 1077 2518 1162 2573; x_wconf 90' lang='lat' dir='ltr'>certa</span> <span class='ocrx_word' id='word_1_159' title='bbox 1194 2512 1468 2590; x_wconf 75' lang='lat' dir='ltr'>argumentatione</span> 
     </span>
     <span class='ocr_line' id='line_1_20' title="bbox 291 2615 1466 2700; baseline 0.001 -23"><span class='ocrx_word' id='word_1_160' title='bbox 291 2615 436 2699; x_wconf 86' lang='lat' dir='ltr'>probavi,</span> <span class='ocrx_word' id='word_1_161' title='bbox 459 2624 576 2679; x_wconf 89' lang='lat' dir='ltr'>tantam</span> <span class='ocrx_word' id='word_1_162' title='bbox 597 2619 661 2679; x_wconf 91' lang='lat' dir='ltr'>vim</span> <span class='ocrx_word' id='word_1_163' title='bbox 682 2618 778 2680; x_wconf 89' lang='lat' dir='ltr'>tribui</span> <span class='ocrx_word' id='word_1_164' title='bbox 798 2619 870 2680; x_wconf 93' lang='lat' dir='ltr'>volo</span> <span class='ocrx_word' id='word_1_165' title='bbox 893 2624 1044 2699; x_wconf 88' lang='lat' dir='ltr'>quantam</span> <span class='ocrx_word' id='word_1_166' title='bbox 1063 2618 1117 2697; x_wconf 89' lang='lat' dir='ltr'>eis,</span> <span class='ocrx_word' id='word_1_167' title='bbox 1143 2638 1223 2700; x_wconf 89' lang='lat' dir='ltr'>quae</span> <span class='ocrx_word' id='word_1_168' title='bbox 1247 2637 1343 2700; x_wconf 86' lang='lat' dir='ltr'>supra</span> <span class='ocrx_word' id='word_1_169' title='bbox 1366 2617 1466 2690; x_wconf 92' lang='lat' dir='ltr'>attuli,</span> 
     </span>
     <span class='ocr_line' id='line_1_21' title="bbox 290 2723 1005 2807; baseline 0.003 -22"><span class='ocrx_word' id='word_1_170' title='bbox 290 2723 489 2787; x_wconf 89' lang='lat' dir='ltr'>firmioribus</span> <span class='ocrx_word' id='word_1_171' title='bbox 512 2730 543 2787; x_wconf 89' lang='lat' dir='ltr'>et</span> <span class='ocrx_word' id='word_1_172' title='bbox 565 2725 774 2807; x_wconf 85' lang='lat' dir='ltr'>gravioribus</span> <span class='ocrx_word' id='word_1_173' title='bbox 1002 2734 1005 2738; x_wconf 86' lang='grc'><strong>’</strong></span> 
     </span>
    </p>

    <p class='ocr_par' dir='ltr' id='par_1_3' title="bbox 291 2828 1468 3767">
     <span class='ocr_line' id='line_1_22' title="bbox 382 2828 1468 2914; baseline -0.001 -21"><span class='ocrx_word' id='word_1_174' title='bbox 382 2828 454 2893; x_wconf 82' lang='lat' dir='ltr'>Sed</span> <span class='ocrx_word' id='word_1_175' title='bbox 485 2832 557 2893; x_wconf 91' lang='lat' dir='ltr'>iam</span> <span class='ocrx_word' id='word_1_176' title='bbox 587 2831 680 2893; x_wconf 88' lang='lat' dir='ltr'>satis</span> <span class='ocrx_word' id='word_1_177' title='bbox 705 2832 901 2914; x_wconf 89' lang='lat' dir='ltr'>disputavi</span> <span class='ocrx_word' id='word_1_178' title='bbox 926 2831 969 2893; x_wconf 87' lang='lat' dir='ltr'>dc</span> <span class='ocrx_word' id='word_1_179' title='bbox 998 2832 1068 2911; x_wconf 85' lang='lat' dir='ltr'>eis,</span> <span class='ocrx_word' id='word_1_180' title='bbox 1099 2830 1240 2913; x_wconf 91' lang='lat' dir='ltr'>quibus</span> <span class='ocrx_word' id='word_1_181' title='bbox 1270 2838 1337 2893; x_wconf 88' lang='lat' dir='ltr'>aut</span> <span class='ocrx_word' id='word_1_182' title='bbox 1365 2837 1468 2893; x_wconf 90' lang='lat' dir='ltr'>certe</span> 
     </span>
     <span class='ocr_line' id='line_1_23' title="bbox 292 2937 1468 3025; baseline 0 -26"><span class='ocrx_word' id='word_1_183' title='bbox 292 2938 575 3000; x_wconf 90' lang='lat' dir='ltr'>demonstretur</span> <span class='ocrx_word' id='word_1_184' title='bbox 606 2941 670 3000; x_wconf 87' lang='lat' dir='ltr'>aut</span> <span class='ocrx_word' id='word_1_185' title='bbox 701 2938 899 3025; x_wconf 87' lang='lat' dir='ltr'>probabile</span> <span class='ocrx_word' id='word_1_186' title='bbox 931 2937 1002 2999; x_wconf 87' lang='lat' dir='ltr'>fiat</span> <span class='ocrx_word' id='word_1_187' title='bbox 1031 2937 1249 3000; x_wconf 90' lang='lat' dir='ltr'>Vitruvium</span> <span class='ocrx_word' id='word_1_188' title='bbox 1284 2939 1321 3000; x_wconf 89' lang='lat' dir='ltr'>in</span> <span class='ocrx_word' id='word_1_189' title='bbox 1355 2956 1468 3019; x_wconf 88' lang='lat' dir='ltr'>opere</span> 
     </span>
     <span class='ocr_line' id='line_1_24' title="bbox 291 3044 1467 3127; baseline 0 -20"><span class='ocrx_word' id='word_1_190' title='bbox 291 3064 362 3107; x_wconf 90' lang='lat' dir='ltr'>suo</span> <span class='ocrx_word' id='word_1_191' title='bbox 401 3044 680 3107; x_wconf 87' lang='lat' dir='ltr'>conscribendo</span> <span class='ocrx_word' id='word_1_192' title='bbox 716 3047 789 3107; x_wconf 89' lang='lat' dir='ltr'>iam</span> <span class='ocrx_word' id='word_1_193' title='bbox 827 3052 914 3107; x_wconf 90' lang='lat' dir='ltr'>ante</span> <span class='ocrx_word' id='word_1_194' title='bbox 948 3066 974 3106; x_wconf 85' lang='lat' dir='ltr'>a..</span> <span class='ocrx_word' id='word_1_195' title='bbox 1009 3046 1046 3107; x_wconf 87' lang='lat'>31</span> <span class='ocrx_word' id='word_1_196' title='bbox 1084 3051 1308 3127; x_wconf 87' lang='lat' dir='ltr'>occupatum</span> <span class='ocrx_word' id='word_1_197' title='bbox 1340 3044 1467 3107; x_wconf 88' lang='lat' dir='ltr'>fuisse.</span> 
     </span>
     <span class='ocr_line' id='line_1_25' title="bbox 292 3148 1466 3233; baseline 0 -20"><span class='ocrx_word' id='word_1_198' title='bbox 292 3148 399 3225; x_wconf 82' lang='lat' dir='ltr'>Quod</span> <span class='ocrx_word' id='word_1_199' title='bbox 438 3150 597 3233; x_wconf 85' lang='lat' dir='ltr'>primum</span> <span class='ocrx_word' id='word_1_200' title='bbox 626 3153 823 3233; x_wconf 82' lang='lat' dir='ltr'>exipsius</span> <span class='ocrx_word' id='word_1_201' title='bbox 860 3151 904 3213; x_wconf 95' lang='lat' dir='ltr'>de</span> <span class='ocrx_word' id='word_1_202' title='bbox 941 3158 1122 3233; x_wconf 88' lang='lat' dir='ltr'>tempore,</span> <span class='ocrx_word' id='word_1_203' title='bbox 1160 3171 1232 3233; x_wconf 91' lang='lat' dir='ltr'>quo</span> <span class='ocrx_word' id='word_1_204' title='bbox 1269 3151 1466 3232; x_wconf 79' lang='lat' dir='ltr'>scriberet,</span> 
     </span>
     <span class='ocr_line' id='line_1_26' title="bbox 293 3258 1467 3340; baseline 0.001 -22"><span class='ocrx_word' id='word_1_205' title='bbox 293 3258 420 3321; x_wconf 88' lang='lat' dir='ltr'>verbis</span> <span class='ocrx_word' id='word_1_206' title='bbox 454 3259 727 3337; x_wconf 83' lang='lat' dir='ltr'>conclusimus,</span> <span class='ocrx_word' id='word_1_207' title='bbox 764 3259 834 3320; x_wconf 93' lang='lat' dir='ltr'>hoc</span> <span class='ocrx_word' id='word_1_208' title='bbox 871 3258 1050 3321; x_wconf 86' lang='lat' dir='ltr'>stabilire</span> <span class='ocrx_word' id='word_1_209' title='bbox 1088 3259 1201 3322; x_wconf 89' lang='lat' dir='ltr'>licuit</span> <span class='ocrx_word' id='word_1_210' title='bbox 1238 3258 1467 3340; x_wconf 88' lang='lat' dir='ltr'>quibusdam</span> 
     </span>
     <span class='ocr_line' id='line_1_27' title="bbox 291 3366 1468 3454; baseline 0.002 -28"><span class='ocrx_word' id='word_1_211' title='bbox 291 3366 532 3454; x_wconf 73' lang='lat' dir='ltr'>argumentis</span> <span class='ocrx_word' id='word_1_212' title='bbox 565 3384 581 3427; x_wconf 96' lang='grc'>6</span> <span class='ocrx_word' id='word_1_213' title='bbox 615 3384 653 3427; x_wconf 90' lang='lat' dir='ltr'>re</span> <span class='ocrx_word' id='word_1_214' title='bbox 688 3366 770 3447; x_wconf 88' lang='lat' dir='ltr'>ipsa</span> <span class='ocrx_word' id='word_1_215' title='bbox 806 3368 954 3447; x_wconf 73' lang='lat' dir='ltr'>petitis,</span> <span class='ocrx_word' id='word_1_216' title='bbox 997 3372 1109 3447; x_wconf 83' lang='lat' dir='ltr'>atque</span> <span class='ocrx_word' id='word_1_217' title='bbox 1146 3385 1226 3427; x_wconf 86' lang='lat' dir='ltr'>cunr</span> <span class='ocrx_word' id='word_1_218' title='bbox 1265 3372 1468 3446; x_wconf 90' lang='lat' dir='ltr'>utrumque</span> 
     </span>
     <span class='ocr_line' id='line_1_28' title="bbox 291 3472 1468 3555; baseline 0.001 -23"><span class='ocrx_word' id='word_1_219' title='bbox 291 3478 607 3552; x_wconf 88' lang='lat' dir='ltr'>argumentorum</span> <span class='ocrx_word' id='word_1_220' title='bbox 641 3491 761 3555; x_wconf 90' lang='lat' dir='ltr'>genus</span> <span class='ocrx_word' id='word_1_221' title='bbox 795 3491 861 3555; x_wconf 88' lang='lat' dir='ltr'>per</span> <span class='ocrx_word' id='word_1_222' title='bbox 896 3491 934 3535; x_wconf 92' lang='grc'>66</span> <span class='ocrx_word' id='word_1_223' title='bbox 969 3472 1089 3534; x_wconf 91' lang='lat' dir='ltr'>solum</span> <span class='ocrx_word' id='word_1_224' title='bbox 1125 3473 1296 3534; x_wconf 88' lang='lat' dir='ltr'>nonnihil</span> <span class='ocrx_word' id='word_1_225' title='bbox 1327 3473 1468 3550; x_wconf 89' lang='lat' dir='ltr'>valeat,</span> 
     </span>
     <span class='ocr_line' id='line_1_29' title="bbox 291 3579 1467 3660; baseline 0 -21"><span class='ocrx_word' id='word_1_226' title='bbox 291 3579 397 3641; x_wconf 89' lang='lat' dir='ltr'>inter</span> <span class='ocrx_word' id='word_1_227' title='bbox 427 3598 464 3640; x_wconf 93' lang='grc'>66</span> <span class='ocrx_word' id='word_1_228' title='bbox 494 3580 701 3641; x_wconf 89' lang='lat' dir='ltr'>coniuncta</span> <span class='ocrx_word' id='word_1_229' title='bbox 724 3579 830 3642; x_wconf 91' lang='lat' dir='ltr'>ambo</span> <span class='ocrx_word' id='word_1_230' title='bbox 855 3584 891 3642; x_wconf 88' lang='lat' dir='ltr'>et</span> <span class='ocrx_word' id='word_1_231' title='bbox 920 3579 1143 3641; x_wconf 84' lang='lat' dir='ltr'>firmissima</span> <span class='ocrx_word' id='word_1_232' title='bbox 1174 3586 1209 3640; x_wconf 92' lang='lat' dir='ltr'>et</span> <span class='ocrx_word' id='word_1_233' title='bbox 1238 3580 1467 3660; x_wconf 86' lang='lat' dir='ltr'>gravissima</span> 
     </span>
     <span class='ocr_line' id='line_1_30' title="bbox 292 3691 564 3767; baseline 0 -20"><span class='ocrx_word' id='word_1_234' title='bbox 292 3703 376 3748; x_wconf 92' lang='grc'><strong>6666</strong></span> <span class='ocrx_word' id='word_1_235' title='bbox 400 3691 564 3767; x_wconf 89' lang='lat' dir='ltr'>apparet.</span> 
     </span>
    </p>

    <p class='ocr_par' dir='ltr' id='par_1_4' title="bbox 292 3790 1466 4087">
     <span class='ocr_line' id='line_1_31' title="bbox 382 3790 1465 3874; baseline 0 -21"><span class='ocrx_word' id='word_1_236' title='bbox 382 3790 477 3853; x_wconf 90' lang='lat' dir='ltr'>Nunc</span> <span class='ocrx_word' id='word_1_237' title='bbox 509 3799 615 3855; x_wconf 87' lang='lat' dir='ltr'>antem</span> <span class='ocrx_word' id='word_1_238' title='bbox 649 3793 754 3855; x_wconf 88' lang='lat' dir='ltr'>omnia</span> <span class='ocrx_word' id='word_1_239' title='bbox 787 3811 823 3855; x_wconf 90' lang='lat' dir='ltr'>ea</span> <span class='ocrx_word' id='word_1_240' title='bbox 857 3794 1040 3855; x_wconf 81' lang='lat' dir='ltr'>examinare</span> <span class='ocrx_word' id='word_1_241' title='bbox 1070 3798 1207 3874; x_wconf 90' lang='lat' dir='ltr'>oportet,</span> <span class='ocrx_word' id='word_1_242' title='bbox 1240 3809 1322 3873; x_wconf 88' lang='lat' dir='ltr'>quae</span> <span class='ocrx_word' id='word_1_243' title='bbox 1355 3791 1465 3853; x_wconf 86' lang='lat' dir='ltr'>eodem</span> 
     </span>
     <span class='ocr_line' id='line_1_32' title="bbox 292 3898 1466 3981; baseline 0 -22"><span class='ocrx_word' id='word_1_244' title='bbox 292 3906 434 3981; x_wconf 86' lang='lat' dir='ltr'>ternpore</span> <span class='ocrx_word' id='word_1_245' title='bbox 462 3900 577 3981; x_wconf 88' lang='lat' dir='ltr'>scripta</span> <span class='ocrx_word' id='word_1_246' title='bbox 605 3918 674 3962; x_wconf 88' lang='lat' dir='ltr'>esse</span> <span class='ocrx_word' id='word_1_247' title='bbox 706 3905 875 3980; x_wconf 89' lang='lat' dir='ltr'>possunt,</span> <span class='ocrx_word' id='word_1_248' title='bbox 910 3918 973 3980; x_wconf 93' lang='grc'>666</span> <span class='ocrx_word' id='word_1_249' title='bbox 1005 3899 1069 3977; x_wconf 90' lang='lat' dir='ltr'>illa,</span> <span class='ocrx_word' id='word_1_250' title='bbox 1102 3916 1184 3979; x_wconf 90' lang='lat' dir='ltr'>quae</span> <span class='ocrx_word' id='word_1_251' title='bbox 1217 3898 1311 3959; x_wconf 89' lang='lat' dir='ltr'>modo</span> <span class='ocrx_word' id='word_1_252' title='bbox 1344 3898 1466 3979; x_wconf 85' lang='lat' dir='ltr'>collegi,</span> 
     </span>
     <span class='ocr_line' id='line_1_33' title="bbox 293 4005 1465 4087; baseline -0.003 -20"><span class='ocrx_word' id='word_1_253' title='bbox 293 4005 408 4086; x_wconf 86' lang='lat' dir='ltr'>scripta</span> <span class='ocrx_word' id='word_1_254' title='bbox 437 4024 506 4067; x_wconf 89' lang='grc'><strong>6666</strong></span> <span class='ocrx_word' id='word_1_255' title='bbox 534 4005 683 4084; x_wconf 89' lang='lat' dir='ltr'>debent,</span> <span class='ocrx_word' id='word_1_256' title='bbox 712 4010 748 4067; x_wconf 90' lang='lat' dir='ltr'>ut</span> <span class='ocrx_word' id='word_1_257' title='bbox 776 4005 1007 4087; x_wconf 87' lang='lat' dir='ltr'>intellegamus,</span> <span class='ocrx_word' id='word_1_258' title='bbox 1037 4011 1188 4086; x_wconf 87' lang='lat' dir='ltr'>quantam</span> <span class='ocrx_word' id='word_1_259' title='bbox 1216 4006 1318 4086; x_wconf 87' lang='lat' dir='ltr'>operis</span> <span class='ocrx_word' id='word_1_260' title='bbox 1346 4011 1465 4086; x_wconf 86' lang='lat' dir='ltr'>partem</span> 
     </span>
    </p>
   </div>
   <div class='ocr_carea' id='block_1_3' title="bbox 380 4177 1464 4392">
    <p class='ocr_par' dir='ltr' id='par_1_5' title="bbox 380 4177 1464 4392">
     <span class='ocr_line' id='line_1_34' title="bbox 380 4177 1464 4246; baseline -0.002 -15"><span class='ocrx_word' id='word_1_261' title='bbox 380 4179 426 4245; x_wconf 81' lang='grc'>20)</span> <span class='ocrx_word' id='word_1_262' title='bbox 445 4179 678 4235; x_wconf 79' lang='grc' dir='ltr'><strong>Τ66.666.ΙΠ72.</strong></span> <span class='ocrx_word' id='word_1_263' title='bbox 697 4178 737 4232; x_wconf 88' lang='lat' dir='ltr'>v1</span> <span class='ocrx_word' id='word_1_264' title='bbox 746 4180 789 4233; x_wconf 78' lang='lat'>45.</span> <span class='ocrx_word' id='word_1_265' title='bbox 810 4179 903 4235; x_wconf 88' lang='lat' dir='ltr'>Vellei.</span> <span class='ocrx_word' id='word_1_266' title='bbox 923 4179 950 4232; x_wconf 97' lang='grc' dir='ltr'>ΙΙ</span> <span class='ocrx_word' id='word_1_267' title='bbox 962 4181 1020 4235; x_wconf 87' lang='grc'><strong>130.</strong></span> <span class='ocrx_word' id='word_1_268' title='bbox 1040 4179 1112 4235; x_wconf 83' lang='lat' dir='ltr'>Suet.</span> <span class='ocrx_word' id='word_1_269' title='bbox 1131 4180 1186 4233; x_wconf 76' lang='lat' dir='ltr'>llo.</span> <span class='ocrx_word' id='word_1_270' title='bbox 1196 4181 1239 4246; x_wconf 70' lang='lat' dir='ltr'>ll,</span> <span class='ocrx_word' id='word_1_271' title='bbox 1249 4178 1358 4233; x_wconf 89' lang='lat' dir='ltr'>Richter</span> <span class='ocrx_word' id='word_1_272' title='bbox 1366 4196 1392 4245; x_wconf 91' lang='lat' dir='ltr'>p.</span> <span class='ocrx_word' id='word_1_273' title='bbox 1402 4177 1464 4230; x_wconf 77' lang='grc'>228.</span> 
     </span>
     <span class='ocr_line' id='line_1_35' title="bbox 382 4241 1336 4321; baseline 0.002 -18"><span class='ocrx_word' id='word_1_274' title='bbox 382 4251 427 4312; x_wconf 65' lang='lat'>21)</span> <span class='ocrx_word' id='word_1_275' title='bbox 446 4252 496 4306; x_wconf 85' lang='lat' dir='ltr'>Dio</span> <span class='ocrx_word' id='word_1_276' title='bbox 514 4252 556 4306; x_wconf 82' lang='lat'>50.</span> <span class='ocrx_word' id='word_1_277' title='bbox 578 4251 622 4305; x_wconf 90' lang='lat'>10:</span> <span class='ocrx_word' id='word_1_278' title='bbox 642 4254 688 4304; x_wconf 77' lang='grc' dir='ltr'>καὶ</span> <span class='ocrx_word' id='word_1_279' title='bbox 708 4255 764 4320; x_wconf 83' lang='grc' dir='ltr'>πῦρ</span> <span class='ocrx_word' id='word_1_280' title='bbox 784 4241 854 4304; x_wconf 64' lang='grc' dir='ltr'><em>ἄλλα</em></span> <span class='ocrx_word' id='word_1_281' title='bbox 873 4270 902 4304; x_wconf 84' lang='grc' dir='ltr'>τε</span> <span class='ocrx_word' id='word_1_282' title='bbox 922 4245 972 4303; x_wconf 75' lang='grc' dir='ltr'>οὐκ</span> <span class='ocrx_word' id='word_1_283' title='bbox 991 4246 1071 4321; x_wconf 75' lang='grc' dir='ltr'><strong><em>ὀλίγα</em></strong></span> <span class='ocrx_word' id='word_1_284' title='bbox 1091 4292 1097 4304; x_wconf 93' lang='grc'><strong>.</strong></span> <span class='ocrx_word' id='word_1_285' title='bbox 1118 4293 1125 4305; x_wconf 96' lang='grc'><strong>.</strong></span> <span class='ocrx_word' id='word_1_286' title='bbox 1144 4292 1150 4303; x_wconf 93' lang='grc'><strong>.</strong></span> <span class='ocrx_word' id='word_1_287' title='bbox 1171 4293 1177 4304; x_wconf 93' lang='grc'><strong>.</strong></span> <span class='ocrx_word' id='word_1_288' title='bbox 1197 4253 1336 4321; x_wconf 62' lang='grc' dir='ltr'>ἔφθειρεν.</span> 
     </span>
     <span class='ocr_line' id='line_1_36' title="bbox 382 4321 1050 4392; baseline 0.001 -17"><span class='ocrx_word' id='word_1_289' title='bbox 382 4322 427 4388; x_wconf 84' lang='grc'>22)</span> <span class='ocrx_word' id='word_1_290' title='bbox 445 4323 516 4377; x_wconf 83' lang='lat' dir='ltr'>Mon.</span> <span class='ocrx_word' id='word_1_291' title='bbox 535 4326 601 4376; x_wconf 84' lang='lat' dir='ltr'>Ano.</span> <span class='ocrx_word' id='word_1_292' title='bbox 620 4338 646 4390; x_wconf 88' lang='lat' dir='ltr'>p.</span> <span class='ocrx_word' id='word_1_293' title='bbox 665 4322 708 4377; x_wconf 72' lang='lat'>83.</span> <span class='ocrx_word' id='word_1_294' title='bbox 745 4322 854 4376; x_wconf 88' lang='lat' dir='ltr'>Richter</span> <span class='ocrx_word' id='word_1_295' title='bbox 871 4322 888 4375; x_wconf 91' lang='lat' dir='ltr'>l.</span> <span class='ocrx_word' id='word_1_296' title='bbox 906 4321 925 4375; x_wconf 92' lang='lat' dir='ltr'>l.</span> <span class='ocrx_word' id='word_1_297' title='bbox 944 4340 969 4392; x_wconf 94' lang='lat' dir='ltr'>p.</span> <span class='ocrx_word' id='word_1_298' title='bbox 988 4322 1050 4377; x_wconf 82' lang='lat'><strong>228.</strong></span> 
     </span>
    </p>
   </div>
   <div class='ocr_carea' id='block_1_4' title="bbox 0 0 1761 5292">
    <p class='ocr_par' dir='ltr' id='par_1_6' title="bbox 0 0 1761 5292">
     <span class='ocr_line' id='line_1_37' title="bbox 0 0 1761 5292; baseline 0 0"><span class='ocrx_word' id='word_1_299' title='bbox 0 0 1761 5292; x_wconf 95' lang='lat' dir='ltr'> </span> 
     </span>
    </p>
   </div>
  </div>
 </body>
</html>
