<?xml version="1.0" encoding="UTF-8"?>
<!DOCTYPE html PUBLIC "-//W3C//DTD XHTML 1.0 Transitional//EN"
    "http://www.w3.org/TR/xhtml1/DTD/xhtml1-transitional.dtd">
<html xmlns="http://www.w3.org/1999/xhtml" xml:lang="en" lang="en">
 <head>
  <title>
</title>
<meta http-equiv="Content-Type" content="text/html;charset=utf-8" />
  <meta name='ocr-system' content='tesseract 3.04.00' />
  <meta name='ocr-capabilities' content='ocr_page ocr_carea ocr_par ocr_line ocrx_word'/>
</head>
<body>
  <div class='ocr_page' id='page_1' title='image "./quaestionumvitr01dietgoog_0074.png"; bbox 0 0 3509 5292; ppageno 0'>
   <div class='ocr_carea' id='block_1_1' title="bbox 773 528 985 589">
    <p class='ocr_par' dir='ltr' id='par_1_1' title="bbox 773 528 985 589">
     <span class='ocr_line' id='line_1_1' title="bbox 773 528 985 589; baseline 0.005 -17"><span class='ocrx_word' id='word_1_1' title='bbox 773 528 985 589; x_wconf 62' lang='lat'>..70-</span> 
     </span>
    </p>
   </div>
   <div class='ocr_carea' id='block_1_2' title="bbox 290 699 1467 2599">
    <p class='ocr_par' dir='ltr' id='par_1_2' title="bbox 290 699 1467 2599">
     <span class='ocr_line' id='line_1_2' title="bbox 293 699 1463 787; baseline -0.007 -19"><span class='ocrx_word' id='word_1_2' title='bbox 293 712 348 768; x_wconf 84' lang='lat' dir='ltr'>aut</span> <span class='ocrx_word' id='word_1_3' title='bbox 366 705 526 769; x_wconf 87' lang='lat' dir='ltr'>incohavit</span> <span class='ocrx_word' id='word_1_4' title='bbox 545 704 617 787; x_wconf 81' lang='lat' dir='ltr'>(Dio</span> <span class='ocrx_word' id='word_1_5' title='bbox 629 707 680 785; x_wconf 83' lang='lat'>51,</span> <span class='ocrx_word' id='word_1_6' title='bbox 691 706 743 786; x_wconf 83' lang='lat'>22)</span> <span class='ocrx_word' id='word_1_7' title='bbox 767 709 798 767; x_wconf 92' lang='lat' dir='ltr'>et</span> <span class='ocrx_word' id='word_1_8' title='bbox 816 709 946 767; x_wconf 90' lang='lat' dir='ltr'>senatus</span> <span class='ocrx_word' id='word_1_9' title='bbox 970 704 1095 766; x_wconf 85' lang='lat' dir='ltr'>decreto</span> <span class='ocrx_word' id='word_1_10' title='bbox 1115 704 1145 765; x_wconf 88' lang='lat' dir='ltr'>ei</span> <span class='ocrx_word' id='word_1_11' title='bbox 1164 702 1281 785; x_wconf 90' lang='lat' dir='ltr'>templa</span> <span class='ocrx_word' id='word_1_12' title='bbox 1300 699 1463 764; x_wconf 85' lang='lat' dir='ltr'>reficienda</span> 
     </span>
     <span class='ocr_line' id='line_1_3' title="bbox 294 808 1463 894; baseline -0.006 -19"><span class='ocrx_word' id='word_1_13' title='bbox 294 812 399 875; x_wconf 87' lang='lat' dir='ltr'>delata</span> <span class='ocrx_word' id='word_1_14' title='bbox 421 818 496 875; x_wconf 90' lang='lat' dir='ltr'>sunt</span> <span class='ocrx_word' id='word_1_15' title='bbox 520 810 636 894; x_wconf 82' lang='lat' dir='ltr'>(p.20);</span> <span class='ocrx_word' id='word_1_16' title='bbox 660 813 792 874; x_wconf 91' lang='lat' dir='ltr'>ineunte</span> <span class='ocrx_word' id='word_1_17' title='bbox 815 830 899 873; x_wconf 94' lang='lat' dir='ltr'>anno</span> <span class='ocrx_word' id='word_1_18' title='bbox 917 811 958 873; x_wconf 82' lang='lat'>29</span> <span class='ocrx_word' id='word_1_19' title='bbox 983 808 1044 872; x_wconf 93' lang='lat' dir='ltr'>Dio</span> <span class='ocrx_word' id='word_1_20' title='bbox 1069 809 1132 889; x_wconf 84' lang='lat'><strong>(52,</strong></span> <span class='ocrx_word' id='word_1_21' title='bbox 1145 808 1268 890; x_wconf 85' lang='grc'>2-40)</span> <span class='ocrx_word' id='word_1_22' title='bbox 1292 808 1463 891; x_wconf 79' lang='lat' dir='ltr'><strong>Agrippam</strong></span> 
     </span>
     <span class='ocr_line' id='line_1_4' title="bbox 293 915 1464 998; baseline -0.008 -16"><span class='ocrx_word' id='word_1_23' title='bbox 293 927 325 982; x_wconf 92' lang='lat' dir='ltr'>et</span> <span class='ocrx_word' id='word_1_24' title='bbox 340 918 553 982; x_wconf 83' lang='lat' dir='ltr'>Maecenatem</span> <span class='ocrx_word' id='word_1_25' title='bbox 574 919 730 981; x_wconf 89' lang='lat' dir='ltr'>orationes</span> <span class='ocrx_word' id='word_1_26' title='bbox 748 917 819 980; x_wconf 89' lang='lat' dir='ltr'>illas</span> <span class='ocrx_word' id='word_1_27' title='bbox 839 918 990 980; x_wconf 90' lang='lat' dir='ltr'>habentes</span> <span class='ocrx_word' id='word_1_28' title='bbox 1007 922 1103 998; x_wconf 89' lang='lat' dir='ltr'>atque</span> <span class='ocrx_word' id='word_1_29' title='bbox 1121 917 1207 979; x_wconf 90' lang='lat' dir='ltr'>bunc</span> <span class='ocrx_word' id='word_1_30' title='bbox 1222 917 1269 978; x_wconf 92' lang='lat' dir='ltr'>sic</span> <span class='ocrx_word' id='word_1_31' title='bbox 1285 915 1464 996; x_wconf 88' lang='lat' dir='ltr'>loquentem</span> 
     </span>
     <span class='ocr_line' id='line_1_5' title="bbox 292 1014 1465 1108; baseline -0.006 -21"><span class='ocrx_word' id='word_1_32' title='bbox 292 1024 381 1089; x_wconf 84' lang='lat' dir='ltr'>facit:</span> <span class='ocrx_word' id='word_1_33' title='bbox 405 1024 444 1089; x_wconf 82' lang='grc' dir='ltr'>τὸ</span> <span class='ocrx_word' id='word_1_34' title='bbox 466 1021 525 1106; x_wconf 81' lang='grc' dir='ltr'>μὲν</span> <span class='ocrx_word' id='word_1_35' title='bbox 548 1021 630 1087; x_wconf 75' lang='lat' dir='ltr'>doro</span> <span class='ocrx_word' id='word_1_36' title='bbox 653 1032 748 1088; x_wconf 78' lang='grc' dir='ltr'><strong><em>τοῦτο</em></strong></span> <span class='ocrx_word' id='word_1_37' title='bbox 773 1020 830 1087; x_wconf 81' lang='grc' dir='ltr'>καὶ</span> <span class='ocrx_word' id='word_1_38' title='bbox 854 1020 1057 1102; x_wconf 76' lang='grc' dir='ltr'><strong><em>κατακόσμει</em></strong></span> <span class='ocrx_word' id='word_1_39' title='bbox 1079 1019 1172 1108; x_wconf 75' lang='grc' dir='ltr'><em>πάσῃ</em></span> <span class='ocrx_word' id='word_1_40' title='bbox 1195 1014 1393 1105; x_wconf 76' lang='grc' dir='ltr'><strong><em>πολυτελείᾳ</em></strong></span> <span class='ocrx_word' id='word_1_41' title='bbox 1411 1015 1465 1082; x_wconf 71' lang='grc' dir='ltr'>καὶ</span> 
     </span>
     <span class='ocr_line' id='line_1_6' title="bbox 293 1117 1466 1217; baseline -0.004 -23"><span class='ocrx_word' id='word_1_42' title='bbox 293 1128 521 1215; x_wconf 80' lang='grc' dir='ltr'><strong><em>ἐπιλάμπρυνε</em></strong></span> <span class='ocrx_word' id='word_1_43' title='bbox 536 1127 639 1194; x_wconf 79' lang='grc' dir='ltr'><strong><em>παντὶ</em></strong></span> <span class='ocrx_word' id='word_1_44' title='bbox 654 1124 733 1195; x_wconf 77' lang='grc' dir='ltr'><em>εἴδει</em></span> <span class='ocrx_word' id='word_1_45' title='bbox 750 1129 1016 1217; x_wconf 77' lang='grc' dir='ltr'><em>πανηγύρεων...</em></span> <span class='ocrx_word' id='word_1_46' title='bbox 1031 1124 1148 1192; x_wconf 69' lang='grc' dir='ltr'><strong><em>ἔπειτα</em></strong></span> <span class='ocrx_word' id='word_1_47' title='bbox 1163 1124 1200 1191; x_wconf 77' lang='grc' dir='ltr'>δέ</span> <span class='ocrx_word' id='word_1_48' title='bbox 1212 1117 1466 1215; x_wconf 77' lang='grc' dir='ltr'><em>μητόἶκοδομη-</em></span> 
     </span>
     <span class='ocr_line' id='line_1_7' title="bbox 290 1228 1463 1325; baseline -0.006 -24"><span class='ocrx_word' id='word_1_49' title='bbox 290 1236 404 1319; x_wconf 75' lang='grc' dir='ltr'><em>μάτων</em></span> <span class='ocrx_word' id='word_1_50' title='bbox 413 1228 609 1325; x_wconf 56' lang='lat' dir='ltr'>abellinensi}</span> <span class='ocrx_word' id='word_1_51' title='bbox 617 1233 789 1321; x_wconf 70' lang='grc' dir='ltr'><em>μεγέθεσιν</em></span> <span class='ocrx_word' id='word_1_52' title='bbox 802 1233 886 1320; x_wconf 76' lang='grc' dir='ltr'><em>ὑπὲρ</em></span> <span class='ocrx_word' id='word_1_53' title='bbox 896 1234 1079 1320; x_wconf 65' lang='lat' dir='ltr'>adversator</span> <span class='ocrx_word' id='word_1_54' title='bbox 1092 1234 1300 1321; x_wconf 75' lang='grc' dir='ltr'><strong><em>χρήσθωσαν.</em></strong></span> <span class='ocrx_word' id='word_1_55' title='bbox 1325 1232 1463 1309; x_wconf 81' lang='lat' dir='ltr'>Quarum</span> 
     </span>
     <span class='ocr_line' id='line_1_8' title="bbox 292 1342 1467 1427; baseline -0.005 -20"><span class='ocrx_word' id='word_1_56' title='bbox 292 1347 471 1408; x_wconf 89' lang='lat' dir='ltr'>orationum</span> <span class='ocrx_word' id='word_1_57' title='bbox 482 1346 519 1425; x_wconf 77' lang='grc' dir='ltr'>2ο)</span> <span class='ocrx_word' id='word_1_58' title='bbox 539 1346 598 1408; x_wconf 91' lang='lat' dir='ltr'>etsi</span> <span class='ocrx_word' id='word_1_59' title='bbox 615 1350 646 1408; x_wconf 87' lang='lat' dir='ltr'>et</span> <span class='ocrx_word' id='word_1_60' title='bbox 659 1344 793 1407; x_wconf 82' lang='lat' dir='ltr'>formam</span> <span class='ocrx_word' id='word_1_61' title='bbox 811 1350 842 1407; x_wconf 91' lang='lat' dir='ltr'>et</span> <span class='ocrx_word' id='word_1_62' title='bbox 858 1353 1091 1427; x_wconf 76' lang='lat' dir='ltr'>argumentum</span> <span class='ocrx_word' id='word_1_63' title='bbox 1112 1343 1217 1425; x_wconf 90' lang='lat' dir='ltr'>qualia</span> <span class='ocrx_word' id='word_1_64' title='bbox 1231 1342 1325 1404; x_wconf 93' lang='lat' dir='ltr'>nobis</span> <span class='ocrx_word' id='word_1_65' title='bbox 1344 1350 1467 1423; x_wconf 88' lang='lat' dir='ltr'>praesto</span> 
     </span>
     <span class='ocr_line' id='line_1_9' title="bbox 291 1448 1462 1533; baseline -0.006 -18"><span class='ocrx_word' id='word_1_66' title='bbox 291 1459 374 1533; x_wconf 84' lang='lat' dir='ltr'>sunt,</span> <span class='ocrx_word' id='word_1_67' title='bbox 398 1451 459 1515; x_wconf 91' lang='lat' dir='ltr'>Dio</span> <span class='ocrx_word' id='word_1_68' title='bbox 482 1451 585 1531; x_wconf 78' lang='lat' dir='ltr'>finxit,</span> <span class='ocrx_word' id='word_1_69' title='bbox 613 1457 719 1513; x_wconf 88' lang='lat' dir='ltr'>tamen</span> <span class='ocrx_word' id='word_1_70' title='bbox 749 1453 848 1513; x_wconf 90' lang='lat' dir='ltr'>oratio</span> <span class='ocrx_word' id='word_1_71' title='bbox 873 1450 1064 1513; x_wconf 77' lang='lat' dir='ltr'>Maecenatis</span> <span class='ocrx_word' id='word_1_72' title='bbox 1094 1450 1249 1511; x_wconf 89' lang='lat' dir='ltr'>nonnulla</span> <span class='ocrx_word' id='word_1_73' title='bbox 1273 1448 1406 1511; x_wconf 87' lang='lat' dir='ltr'>exhibet</span> <span class='ocrx_word' id='word_1_74' title='bbox 1428 1451 1462 1508; x_wconf 89' lang='lat' dir='ltr'>ad</span> 
     </span>
     <span class='ocr_line' id='line_1_10' title="bbox 291 1554 1466 1640; baseline -0.004 -21"><span class='ocrx_word' id='word_1_75' title='bbox 291 1557 386 1620; x_wconf 89' lang='lat' dir='ltr'>fidem</span> <span class='ocrx_word' id='word_1_76' title='bbox 406 1559 554 1621; x_wconf 84' lang='lat' dir='ltr'>historiae</span> <span class='ocrx_word' id='word_1_77' title='bbox 573 1557 776 1638; x_wconf 79' lang='lat' dir='ltr'>conformata,</span> <span class='ocrx_word' id='word_1_78' title='bbox 799 1559 832 1619; x_wconf 93' lang='lat' dir='ltr'>in</span> <span class='ocrx_word' id='word_1_79' title='bbox 854 1557 972 1640; x_wconf 90' lang='lat' dir='ltr'>quibus</span> <span class='ocrx_word' id='word_1_80' title='bbox 993 1557 1048 1619; x_wconf 86' lang='lat' dir='ltr'>illa</span> <span class='ocrx_word' id='word_1_81' title='bbox 1065 1558 1135 1639; x_wconf 92' lang='lat' dir='ltr'>ipsa</span> <span class='ocrx_word' id='word_1_82' title='bbox 1153 1556 1250 1618; x_wconf 92' lang='lat' dir='ltr'>verba</span> <span class='ocrx_word' id='word_1_83' title='bbox 1268 1554 1466 1618; x_wconf 85' lang='lat' dir='ltr'>numeranda</span> 
     </span>
     <span class='ocr_line' id='line_1_11' title="bbox 292 1661 1465 1748; baseline -0.006 -21"><span class='ocrx_word' id='word_1_84' title='bbox 292 1683 361 1727; x_wconf 86' lang='lat' dir='ltr'>esse</span> <span class='ocrx_word' id='word_1_85' title='bbox 393 1663 608 1748; x_wconf 87' lang='lat' dir='ltr'>compluribus</span> <span class='ocrx_word' id='word_1_86' title='bbox 644 1664 683 1727; x_wconf 90' lang='lat' dir='ltr'>de</span> <span class='ocrx_word' id='word_1_87' title='bbox 721 1666 824 1726; x_wconf 87' lang='lat' dir='ltr'>causis</span> <span class='ocrx_word' id='word_1_88' title='bbox 860 1665 1032 1726; x_wconf 89' lang='lat' dir='ltr'>verisimile</span> <span class='ocrx_word' id='word_1_89' title='bbox 1069 1669 1125 1726; x_wconf 86' lang='lat' dir='ltr'>est</span> <span class='ocrx_word' id='word_1_90' title='bbox 1177 1661 1264 1736; x_wconf 77' lang='lat' dir='ltr'>Quae</span> <span class='ocrx_word' id='word_1_91' title='bbox 1303 1662 1412 1724; x_wconf 88' lang='lat' dir='ltr'>omnia</span> <span class='ocrx_word' id='word_1_92' title='bbox 1439 1661 1465 1721; x_wconf 90' lang='lat' dir='ltr'>si</span> 
     </span>
     <span class='ocr_line' id='line_1_12' title="bbox 292 1768 1466 1854; baseline -0.003 -21"><span class='ocrx_word' id='word_1_93' title='bbox 292 1771 525 1854; x_wconf 90' lang='lat' dir='ltr'>comprehendo</span> <span class='ocrx_word' id='word_1_94' title='bbox 548 1772 605 1832; x_wconf 84' lang='lat' dir='ltr'>rix</span> <span class='ocrx_word' id='word_1_95' title='bbox 629 1770 761 1833; x_wconf 88' lang='lat' dir='ltr'>dubium</span> <span class='ocrx_word' id='word_1_96' title='bbox 788 1771 865 1833; x_wconf 92' lang='lat' dir='ltr'>mihi</span> <span class='ocrx_word' id='word_1_97' title='bbox 889 1771 1017 1833; x_wconf 89' lang='lat' dir='ltr'>videtur</span> <span class='ocrx_word' id='word_1_98' title='bbox 1035 1789 1111 1851; x_wconf 81' lang='lat' dir='ltr'>esse,</span> <span class='ocrx_word' id='word_1_99' title='bbox 1136 1772 1227 1852; x_wconf 90' lang='lat' dir='ltr'>quin</span> <span class='ocrx_word' id='word_1_100' title='bbox 1251 1768 1350 1831; x_wconf 91' lang='lat' dir='ltr'>illud</span> <span class='ocrx_word' id='word_1_101' title='bbox 1375 1787 1466 1850; x_wconf 91' lang='lat' dir='ltr'>quo·</span> 
     </span>
     <span class='ocr_line' id='line_1_13' title="bbox 293 1875 1466 1959; baseline -0.003 -19"><span class='ocrx_word' id='word_1_102' title='bbox 293 1897 365 1959; x_wconf 90' lang='lat' dir='ltr'>que</span> <span class='ocrx_word' id='word_1_103' title='bbox 397 1878 561 1940; x_wconf 90' lang='lat' dir='ltr'>edictum</span> <span class='ocrx_word' id='word_1_104' title='bbox 595 1878 638 1941; x_wconf 94' lang='lat' dir='ltr'>de</span> <span class='ocrx_word' id='word_1_105' title='bbox 671 1877 908 1940; x_wconf 87' lang='lat' dir='ltr'>aedificandi</span> <span class='ocrx_word' id='word_1_106' title='bbox 940 1879 1088 1939; x_wconf 90' lang='lat' dir='ltr'>ratione</span> <span class='ocrx_word' id='word_1_107' title='bbox 1119 1879 1229 1940; x_wconf 86' lang='lat' dir='ltr'>annis</span> <span class='ocrx_word' id='word_1_108' title='bbox 1263 1877 1310 1938; x_wconf 87' lang='grc'>29</span> <span class='ocrx_word' id='word_1_109' title='bbox 1335 1878 1397 1939; x_wconf 92' lang='lat' dir='ltr'>vel</span> <span class='ocrx_word' id='word_1_110' title='bbox 1420 1875 1466 1936; x_wconf 83' lang='lat'>28</span> 
     </span>
     <span class='ocr_line' id='line_1_14' title="bbox 290 1982 1465 2067; baseline -0.004 -20"><span class='ocrx_word' id='word_1_111' title='bbox 290 1985 525 2067; x_wconf 90' lang='lat' dir='ltr'>propositum</span> <span class='ocrx_word' id='word_1_112' title='bbox 558 1986 616 2047; x_wconf 87' lang='lat' dir='ltr'>sit.</span> <span class='ocrx_word' id='word_1_113' title='bbox 665 1984 756 2047; x_wconf 88' lang='lat' dir='ltr'>Post</span> <span class='ocrx_word' id='word_1_114' title='bbox 788 1987 907 2066; x_wconf 84' lang='lat' dir='ltr'>igitur</span> <span class='ocrx_word' id='word_1_115' title='bbox 938 1985 1034 2048; x_wconf 90' lang='lat' dir='ltr'>illud</span> <span class='ocrx_word' id='word_1_116' title='bbox 1068 1992 1214 2066; x_wconf 91' lang='lat' dir='ltr'>tempus</span> <span class='ocrx_word' id='word_1_117' title='bbox 1247 1982 1465 2046; x_wconf 87' lang='lat' dir='ltr'>Vitruvium</span> 
     </span>
     <span class='ocr_line' id='line_1_15' title="bbox 290 2088 1464 2174; baseline -0.004 -20"><span class='ocrx_word' id='word_1_118' title='bbox 290 2093 495 2174; x_wconf 88' lang='lat' dir='ltr'>scripsisse</span> <span class='ocrx_word' id='word_1_119' title='bbox 525 2110 587 2153; x_wconf 93' lang='lat' dir='ltr'>non</span> <span class='ocrx_word' id='word_1_120' title='bbox 619 2097 719 2153; x_wconf 90' lang='lat' dir='ltr'>totum</span> <span class='ocrx_word' id='word_1_121' title='bbox 751 2097 847 2173; x_wconf 87' lang='lat' dir='ltr'>caput</span> <span class='ocrx_word' id='word_1_122' title='bbox 877 2091 916 2153; x_wconf 92' lang='lat' dir='ltr'>de</span> <span class='ocrx_word' id='word_1_123' title='bbox 939 2097 1168 2154; x_wconf 84' lang='lat' dir='ltr'>structurarum</span> <span class='ocrx_word' id='word_1_124' title='bbox 1196 2089 1380 2173; x_wconf 84' lang='lat' dir='ltr'>generibus,</span> <span class='ocrx_word' id='word_1_125' title='bbox 1412 2088 1464 2150; x_wconf 83' lang='lat' dir='ltr'>sed</span> 
     </span>
     <span class='ocr_line' id='line_1_16' title="bbox 292 2198 1465 2280; baseline -0.001 -21"><span class='ocrx_word' id='word_1_126' title='bbox 292 2198 310 2279; x_wconf 67' lang='grc' dir='ltr'>ξ</span> <span class='ocrx_word' id='word_1_127' title='bbox 336 2200 484 2261; x_wconf 87' lang='grc'><strong>16-18</strong></span> <span class='ocrx_word' id='word_1_128' title='bbox 508 2204 647 2277; x_wconf 76' lang='lat' dir='ltr'>statuo,</span> <span class='ocrx_word' id='word_1_129' title='bbox 670 2216 776 2279; x_wconf 89' lang='lat' dir='ltr'>neque</span> <span class='ocrx_word' id='word_1_130' title='bbox 795 2216 869 2260; x_wconf 89' lang='lat' dir='ltr'>vero</span> <span class='ocrx_word' id='word_1_131' title='bbox 893 2199 938 2259; x_wconf 89' lang='lat' dir='ltr'>ita</span> <span class='ocrx_word' id='word_1_132' title='bbox 958 2198 1055 2262; x_wconf 89' lang='lat' dir='ltr'>multo</span> <span class='ocrx_word' id='word_1_133' title='bbox 1074 2204 1153 2279; x_wconf 80' lang='lat' dir='ltr'>post,</span> <span class='ocrx_word' id='word_1_134' title='bbox 1177 2216 1251 2259; x_wconf 88' lang='lat' dir='ltr'>eum</span> <span class='ocrx_word' id='word_1_135' title='bbox 1272 2214 1354 2280; x_wconf 90' lang='lat' dir='ltr'>opus</span> <span class='ocrx_word' id='word_1_136' title='bbox 1373 2215 1465 2259; x_wconf 89' lang='lat' dir='ltr'>suum</span> 
     </span>
     <span class='ocr_line' id='line_1_17' title="bbox 290 2303 1467 2387; baseline -0.004 -21"><span class='ocrx_word' id='word_1_137' title='bbox 290 2306 392 2386; x_wconf 91' lang='lat' dir='ltr'>primo</span> <span class='ocrx_word' id='word_1_138' title='bbox 417 2323 545 2387; x_wconf 90' lang='lat' dir='ltr'>quoque</span> <span class='ocrx_word' id='word_1_139' title='bbox 569 2313 708 2386; x_wconf 89' lang='lat' dir='ltr'>tempore</span> <span class='ocrx_word' id='word_1_140' title='bbox 732 2306 772 2386; x_wconf 91' lang='lat' dir='ltr'>(p.</span> <span class='ocrx_word' id='word_1_141' title='bbox 786 2306 813 2383; x_wconf 77' lang='grc'>1,</span> <span class='ocrx_word' id='word_1_142' title='bbox 827 2306 925 2387; x_wconf 76' lang='lat' dir='ltr'>ibsq)</span> <span class='ocrx_word' id='word_1_143' title='bbox 951 2305 1086 2367; x_wconf 85' lang='lat' dir='ltr'>edidisse</span> <span class='ocrx_word' id='word_1_144' title='bbox 1109 2303 1286 2367; x_wconf 90' lang='lat' dir='ltr'>credendus</span> <span class='ocrx_word' id='word_1_145' title='bbox 1309 2304 1351 2365; x_wconf 90' lang='lat' dir='ltr'>sit</span> <span class='ocrx_word' id='word_1_146' title='bbox 1362 2310 1401 2385; x_wconf 82' lang='lat' dir='ltr'>(p.</span> <span class='ocrx_word' id='word_1_147' title='bbox 1415 2303 1467 2375; x_wconf 75' lang='lat' dir='ltr'>ll)</span> 
     </span>
     <span class='ocr_line' id='line_1_18' title="bbox 290 2410 1466 2493; baseline -0.003 -21"><span class='ocrx_word' id='word_1_148' title='bbox 290 2410 374 2473; x_wconf 85' lang='lat' dir='ltr'>illud</span> <span class='ocrx_word' id='word_1_149' title='bbox 400 2430 528 2493; x_wconf 90' lang='lat' dir='ltr'>quoque</span> <span class='ocrx_word' id='word_1_150' title='bbox 558 2410 728 2473; x_wconf 92' lang='lat' dir='ltr'>tenendum</span> <span class='ocrx_word' id='word_1_151' title='bbox 760 2418 808 2473; x_wconf 87' lang='lat' dir='ltr'>est</span> <span class='ocrx_word' id='word_1_152' title='bbox 831 2411 975 2474; x_wconf 88' lang='lat' dir='ltr'>effectum</span> <span class='ocrx_word' id='word_1_153' title='bbox 1004 2412 1117 2474; x_wconf 88' lang='lat' dir='ltr'>talium</span> <span class='ocrx_word' id='word_1_154' title='bbox 1141 2412 1316 2474; x_wconf 88' lang='lat' dir='ltr'>edictorum</span> <span class='ocrx_word' id='word_1_155' title='bbox 1343 2427 1466 2491; x_wconf 86' lang='lat' dir='ltr'>semper</span> 
     </span>
     <span class='ocr_line' id='line_1_19' title="bbox 294 2517 1004 2599; baseline 0.001 -20"><span class='ocrx_word' id='word_1_156' title='bbox 294 2518 463 2580; x_wconf 84' lang='lat' dir='ltr'>admodum</span> <span class='ocrx_word' id='word_1_157' title='bbox 487 2517 630 2579; x_wconf 89' lang='lat' dir='ltr'>celeriter</span> <span class='ocrx_word' id='word_1_158' title='bbox 653 2519 860 2599; x_wconf 88' lang='lat' dir='ltr'>conspicuum</span> <span class='ocrx_word' id='word_1_159' title='bbox 884 2517 1004 2599; x_wconf 74' lang='lat' dir='ltr'>fieri.²¹)</span> 
     </span>
    </p>
   </div>
   <div class='ocr_carea' id='block_1_3' title="bbox 288 2658 1467 3915">
    <p class='ocr_par' dir='ltr' id='par_1_3' title="bbox 288 2658 1467 3915">
     <span class='ocr_line' id='line_1_20' title="bbox 381 2658 1466 2741; baseline -0.003 -20"><span class='ocrx_word' id='word_1_160' title='bbox 381 2658 443 2721; x_wconf 85' lang='lat' dir='ltr'>Sed</span> <span class='ocrx_word' id='word_1_161' title='bbox 468 2659 545 2721; x_wconf 86' lang='lat' dir='ltr'>haec</span> <span class='ocrx_word' id='word_1_162' title='bbox 568 2659 734 2738; x_wconf 81' lang='lat' dir='ltr'>hactenus3</span> <span class='ocrx_word' id='word_1_163' title='bbox 759 2660 852 2741; x_wconf 88' lang='lat' dir='ltr'>plura</span> <span class='ocrx_word' id='word_1_164' title='bbox 877 2660 961 2722; x_wconf 89' lang='lat' dir='ltr'>enirn</span> <span class='ocrx_word' id='word_1_165' title='bbox 987 2659 1090 2722; x_wconf 88' lang='lat' dir='ltr'>dicere</span> <span class='ocrx_word' id='word_1_166' title='bbox 1114 2678 1201 2721; x_wconf 88' lang='lat' dir='ltr'>nunc</span> <span class='ocrx_word' id='word_1_167' title='bbox 1223 2659 1368 2721; x_wconf 91' lang='lat' dir='ltr'>nondum</span> <span class='ocrx_word' id='word_1_168' title='bbox 1392 2677 1466 2719; x_wconf 87' lang='lat' dir='ltr'>con·</span> 
     </span>
     <span class='ocr_line' id='line_1_21' title="bbox 290 2760 1465 2849; baseline -0.001 -23"><span class='ocrx_word' id='word_1_169' title='bbox 290 2766 392 2843; x_wconf 77' lang='lat' dir='ltr'>venit3</span> <span class='ocrx_word' id='word_1_170' title='bbox 425 2785 522 2847; x_wconf 90' lang='lat' dir='ltr'>quare</span> <span class='ocrx_word' id='word_1_171' title='bbox 546 2773 670 2828; x_wconf 86' lang='lat' dir='ltr'>transeo</span> <span class='ocrx_word' id='word_1_172' title='bbox 702 2766 741 2827; x_wconf 87' lang='lat' dir='ltr'>ad</span> <span class='ocrx_word' id='word_1_173' title='bbox 766 2767 853 2828; x_wconf 88' lang='lat' dir='ltr'>aliud</span> <span class='ocrx_word' id='word_1_174' title='bbox 879 2766 1048 2848; x_wconf 76' lang='lat' dir='ltr'>quoddam,</span> <span class='ocrx_word' id='word_1_175' title='bbox 1078 2760 1161 2849; x_wconf 89' lang='lat' dir='ltr'>quod</span> <span class='ocrx_word' id='word_1_176' title='bbox 1188 2765 1373 2828; x_wconf 87' lang='lat' dir='ltr'>Vitruvium</span> <span class='ocrx_word' id='word_1_177' title='bbox 1397 2770 1465 2848; x_wconf 92' lang='lat' dir='ltr'>post</span> 
     </span>
     <span class='ocr_line' id='line_1_22' title="bbox 292 2871 1465 2955; baseline -0.002 -22"><span class='ocrx_word' id='word_1_178' title='bbox 292 2892 318 2935; x_wconf 90' lang='lat' dir='ltr'>a.</span> <span class='ocrx_word' id='word_1_179' title='bbox 331 2874 370 2934; x_wconf 86' lang='grc'>31</span> <span class='ocrx_word' id='word_1_180' title='bbox 392 2874 555 2955; x_wconf 87' lang='lat' dir='ltr'>scripsisse</span> <span class='ocrx_word' id='word_1_181' title='bbox 575 2881 711 2955; x_wconf 80' lang='lat' dir='ltr'>apparet,</span> <span class='ocrx_word' id='word_1_182' title='bbox 736 2892 777 2935; x_wconf 88' lang='lat' dir='ltr'>sc.</span> <span class='ocrx_word' id='word_1_183' title='bbox 797 2873 835 2934; x_wconf 91' lang='lat' dir='ltr'>ad</span> <span class='ocrx_word' id='word_1_184' title='bbox 861 2872 1059 2935; x_wconf 85' lang='lat' dir='ltr'>basilicam</span> <span class='ocrx_word' id='word_1_185' title='bbox 1084 2893 1165 2936; x_wconf 89' lang='lat' dir='ltr'>curn</span> <span class='ocrx_word' id='word_1_186' title='bbox 1188 2871 1279 2935; x_wconf 93' lang='lat' dir='ltr'>aede</span> <span class='ocrx_word' id='word_1_187' title='bbox 1301 2871 1465 2954; x_wconf 87' lang='lat' dir='ltr'>Augusti</span> 
     </span>
     <span class='ocr_line' id='line_1_23' title="bbox 290 2978 1463 3061; baseline -0.003 -20"><span class='ocrx_word' id='word_1_188' title='bbox 290 2980 545 3061; x_wconf 81' lang='lat' dir='ltr'>coniunctam,</span> <span class='ocrx_word' id='word_1_189' title='bbox 569 2999 642 3041; x_wconf 89' lang='lat' dir='ltr'>curn</span> <span class='ocrx_word' id='word_1_190' title='bbox 667 2985 698 3041; x_wconf 93' lang='lat' dir='ltr'>et</span> <span class='ocrx_word' id='word_1_191' title='bbox 722 2979 882 3042; x_wconf 89' lang='lat' dir='ltr'>basilicam</span> <span class='ocrx_word' id='word_1_192' title='bbox 906 2979 1101 3042; x_wconf 85' lang='lat' dir='ltr'>aedificatam</span> <span class='ocrx_word' id='word_1_193' title='bbox 1132 3000 1200 3043; x_wconf 90' lang='lat' dir='ltr'>esse</span> <span class='ocrx_word' id='word_1_194' title='bbox 1223 2988 1253 3042; x_wconf 90' lang='lat' dir='ltr'>et</span> <span class='ocrx_word' id='word_1_195' title='bbox 1277 2978 1463 3041; x_wconf 84' lang='lat' dir='ltr'>Vitruvium</span> 
     </span>
     <span class='ocr_line' id='line_1_24' title="bbox 290 3084 1466 3170; baseline -0.002 -22"><span class='ocrx_word' id='word_1_196' title='bbox 290 3087 330 3148; x_wconf 92' lang='lat' dir='ltr'>de</span> <span class='ocrx_word' id='word_1_197' title='bbox 354 3106 390 3149; x_wconf 87' lang='lat' dir='ltr'>ea</span> <span class='ocrx_word' id='word_1_198' title='bbox 413 3087 575 3168; x_wconf 88' lang='lat' dir='ltr'>scripsisse</span> <span class='ocrx_word' id='word_1_199' title='bbox 598 3092 703 3167; x_wconf 89' lang='lat' dir='ltr'>pateat</span> <span class='ocrx_word' id='word_1_200' title='bbox 726 3093 797 3168; x_wconf 90' lang='lat' dir='ltr'>post</span> <span class='ocrx_word' id='word_1_201' title='bbox 815 3106 935 3148; x_wconf 88' lang='lat' dir='ltr'>annum</span> <span class='ocrx_word' id='word_1_202' title='bbox 956 3089 1007 3168; x_wconf 76' lang='lat'>27,</span> <span class='ocrx_word' id='word_1_203' title='bbox 1032 3107 1094 3170; x_wconf 86' lang='lat' dir='ltr'>quo</span> <span class='ocrx_word' id='word_1_204' title='bbox 1115 3085 1307 3149; x_wconf 88' lang='lat' dir='ltr'>Octavianus</span> <span class='ocrx_word' id='word_1_205' title='bbox 1325 3084 1466 3167; x_wconf 79' lang='lat' dir='ltr'>Augusti</span> 
     </span>
     <span class='ocr_line' id='line_1_25' title="bbox 290 3191 1464 3274; baseline -0.002 -21"><span class='ocrx_word' id='word_1_206' title='bbox 290 3212 406 3254; x_wconf 93' lang='lat' dir='ltr'>nomen</span> <span class='ocrx_word' id='word_1_207' title='bbox 431 3195 555 3274; x_wconf 89' lang='lat' dir='ltr'>accepit.</span> <span class='ocrx_word' id='word_1_208' title='bbox 602 3192 639 3254; x_wconf 93' lang='lat' dir='ltr'>In</span> <span class='ocrx_word' id='word_1_209' title='bbox 664 3194 718 3254; x_wconf 91' lang='lat' dir='ltr'>illa</span> <span class='ocrx_word' id='word_1_210' title='bbox 741 3199 846 3255; x_wconf 91' lang='lat' dir='ltr'>autem</span> <span class='ocrx_word' id='word_1_211' title='bbox 866 3194 943 3255; x_wconf 89' lang='lat' dir='ltr'>aede</span> <span class='ocrx_word' id='word_1_212' title='bbox 963 3194 1086 3256; x_wconf 88' lang='lat' dir='ltr'>duabus</span> <span class='ocrx_word' id='word_1_213' title='bbox 1111 3194 1149 3256; x_wconf 94' lang='lat' dir='ltr'>de</span> <span class='ocrx_word' id='word_1_214' title='bbox 1172 3194 1276 3255; x_wconf 86' lang='lat' dir='ltr'>causis</span> <span class='ocrx_word' id='word_1_215' title='bbox 1301 3191 1464 3273; x_wconf 88' lang='lat' dir='ltr'>quondam</span> 
     </span>
     <span class='ocr_line' id='line_1_26' title="bbox 291 3298 1464 3381; baseline -0.002 -21"><span class='ocrx_word' id='word_1_216' title='bbox 291 3298 529 3377; x_wconf 62' lang='lat' dir='ltr'>Krohniusw)</span> <span class='ocrx_word' id='word_1_217' title='bbox 553 3306 680 3361; x_wconf 89' lang='lat' dir='ltr'>secutus</span> <span class='ocrx_word' id='word_1_218' title='bbox 702 3298 890 3380; x_wconf 83' lang='lat' dir='ltr'>Ussingium</span> <span class='ocrx_word' id='word_1_219' title='bbox 915 3299 1058 3364; x_wconf 85' lang='lat' dir='ltr'>offendit:</span> <span class='ocrx_word' id='word_1_220' title='bbox 1083 3301 1193 3363; x_wconf 88' lang='lat' dir='ltr'>statuit</span> <span class='ocrx_word' id='word_1_221' title='bbox 1215 3301 1300 3361; x_wconf 91' lang='lat' dir='ltr'>enirn</span> <span class='ocrx_word' id='word_1_222' title='bbox 1324 3300 1464 3381; x_wconf 89' lang='lat' dir='ltr'>primum</span> 
     </span>
     <span class='ocr_line' id='line_1_27' title="bbox 288 3405 1464 3488; baseline -0.002 -21"><span class='ocrx_word' id='word_1_223' title='bbox 288 3405 455 3467; x_wconf 85' lang='lat' dir='ltr'>lectionem</span> <span class='ocrx_word' id='word_1_224' title='bbox 480 3406 584 3484; x_wconf 80' lang='lat' dir='ltr'>„aedis</span> <span class='ocrx_word' id='word_1_225' title='bbox 608 3406 763 3487; x_wconf 76' lang='lat' dir='ltr'>Augusti‘</span> <span class='ocrx_word' id='word_1_226' title='bbox 787 3407 826 3488; x_wconf 89' lang='lat' dir='ltr'>(p.</span> <span class='ocrx_word' id='word_1_227' title='bbox 854 3407 925 3485; x_wconf 74' lang='lat' dir='ltr'>lov,</span> <span class='ocrx_word' id='word_1_228' title='bbox 950 3408 983 3488; x_wconf 88' lang='grc'>3)</span> <span class='ocrx_word' id='word_1_229' title='bbox 1015 3407 1196 3469; x_wconf 88' lang='lat' dir='ltr'>mendosam</span> <span class='ocrx_word' id='word_1_230' title='bbox 1221 3424 1310 3481; x_wconf 56' lang='lat' dir='ltr'>esse„</span> <span class='ocrx_word' id='word_1_231' title='bbox 1332 3406 1407 3487; x_wconf 86' lang='lat' dir='ltr'>quia</span> <span class='ocrx_word' id='word_1_232' title='bbox 1429 3406 1464 3466; x_wconf 88' lang='lat' dir='ltr'>in</span> 
     </span>
     <span class='ocr_line' id='line_1_28' title="bbox 290 3510 1466 3595; baseline -0.001 -22"><span class='ocrx_word' id='word_1_233' title='bbox 290 3510 399 3574; x_wconf 91' lang='lat' dir='ltr'>codice</span> <span class='ocrx_word' id='word_1_234' title='bbox 414 3511 627 3574; x_wconf 82' lang='lat' dir='ltr'>Scletstatensi</span> <span class='ocrx_word' id='word_1_235' title='bbox 647 3531 748 3593; x_wconf 91' lang='lat' dir='ltr'>nuper</span> <span class='ocrx_word' id='word_1_236' title='bbox 766 3518 888 3594; x_wconf 89' lang='lat' dir='ltr'>reperto</span> <span class='ocrx_word' id='word_1_237' title='bbox 908 3514 1025 3594; x_wconf 80' lang='lat' dir='ltr'>legitur</span> <span class='ocrx_word' id='word_1_238' title='bbox 1042 3514 1145 3594; x_wconf 76' lang='lat' dir='ltr'>„aedis</span> <span class='ocrx_word' id='word_1_239' title='bbox 1165 3514 1323 3595; x_wconf 86' lang='lat' dir='ltr'>angusti“;</span> <span class='ocrx_word' id='word_1_240' title='bbox 1349 3512 1466 3575; x_wconf 90' lang='lat' dir='ltr'>deinde</span> 
     </span>
     <span class='ocr_line' id='line_1_29' title="bbox 289 3617 1465 3701; baseline 0 -22"><span class='ocrx_word' id='word_1_241' title='bbox 289 3637 366 3680; x_wconf 90' lang='lat' dir='ltr'>vero</span> <span class='ocrx_word' id='word_1_242' title='bbox 388 3617 548 3681; x_wconf 88' lang='lat' dir='ltr'>Romanos</span> <span class='ocrx_word' id='word_1_243' title='bbox 572 3619 718 3700; x_wconf 80' lang='lat' dir='ltr'>Augusto</span> <span class='ocrx_word' id='word_1_244' title='bbox 749 3620 870 3681; x_wconf 89' lang='lat' dir='ltr'>viventi</span> <span class='ocrx_word' id='word_1_245' title='bbox 901 3619 1016 3701; x_wconf 87' lang='lat' dir='ltr'>templa</span> <span class='ocrx_word' id='word_1_246' title='bbox 1046 3619 1214 3683; x_wconf 87' lang='lat' dir='ltr'>aedificare</span> <span class='ocrx_word' id='word_1_247' title='bbox 1244 3620 1360 3681; x_wconf 91' lang='lat' dir='ltr'>vetitos</span> <span class='ocrx_word' id='word_1_248' title='bbox 1386 3636 1465 3681; x_wconf 86' lang='lat' dir='ltr'>esse.</span> 
     </span>
     <span class='ocr_line' id='line_1_30' title="bbox 290 3722 1463 3808; baseline 0.001 -23"><span class='ocrx_word' id='word_1_249' title='bbox 290 3722 432 3799; x_wconf 76' lang='lat' dir='ltr'>Quorum</span> <span class='ocrx_word' id='word_1_250' title='bbox 457 3731 603 3787; x_wconf 89' lang='lat' dir='ltr'>neutrum</span> <span class='ocrx_word' id='word_1_251' title='bbox 629 3726 704 3787; x_wconf 91' lang='lat' dir='ltr'>mibi</span> <span class='ocrx_word' id='word_1_252' title='bbox 728 3726 887 3808; x_wconf 87' lang='lat' dir='ltr'>probatur.</span> <span class='ocrx_word' id='word_1_253' title='bbox 934 3726 1058 3789; x_wconf 81' lang='lat' dir='ltr'>Etenim</span> <span class='ocrx_word' id='word_1_254' title='bbox 1083 3732 1114 3789; x_wconf 93' lang='lat' dir='ltr'>et</span> <span class='ocrx_word' id='word_1_255' title='bbox 1137 3726 1315 3808; x_wconf 87' lang='lat' dir='ltr'>corruptela</span> <span class='ocrx_word' id='word_1_256' title='bbox 1344 3726 1408 3805; x_wconf 81' lang='lat' dir='ltr'>illa,</span> <span class='ocrx_word' id='word_1_257' title='bbox 1436 3726 1463 3786; x_wconf 87' lang='lat' dir='ltr'>si</span> 
     </span>
     <span class='ocr_line' id='line_1_31' title="bbox 289 3831 1467 3915; baseline 0.001 -23"><span class='ocrx_word' id='word_1_258' title='bbox 289 3831 383 3893; x_wconf 91' lang='lat' dir='ltr'>modo</span> <span class='ocrx_word' id='word_1_259' title='bbox 408 3838 462 3911; x_wconf 80' lang='lat' dir='ltr'>est,</span> <span class='ocrx_word' id='word_1_260' title='bbox 489 3832 572 3893; x_wconf 91' lang='lat' dir='ltr'>unde</span> <span class='ocrx_word' id='word_1_261' title='bbox 596 3835 778 3911; x_wconf 74' lang='lat' dir='ltr'>manaverit,</span> <span class='ocrx_word' id='word_1_262' title='bbox 805 3831 900 3895; x_wconf 80' lang='lat' dir='ltr'>facile</span> <span class='ocrx_word' id='word_1_263' title='bbox 923 3832 1117 3914; x_wconf 76' lang='lat' dir='ltr'>intellegitur</span> <span class='ocrx_word' id='word_1_264' title='bbox 1142 3838 1250 3915; x_wconf 84' lang='lat' dir='ltr'>neque</span> <span class='ocrx_word' id='word_1_265' title='bbox 1268 3838 1392 3894; x_wconf 88' lang='lat' dir='ltr'>rectum</span> <span class='ocrx_word' id='word_1_266' title='bbox 1417 3843 1467 3894; x_wconf 87' lang='lat' dir='ltr'>est</span> 
     </span>
    </p>
   </div>
   <div class='ocr_carea' id='block_1_4' title="bbox 287 4021 1466 4232">
    <p class='ocr_par' dir='ltr' id='par_1_4' title="bbox 287 4021 1466 4232">
     <span class='ocr_line' id='line_1_32' title="bbox 356 4021 1466 4093; baseline 0.004 -20"><span class='ocrx_word' id='word_1_267' title='bbox 356 4027 358 4031; x_wconf 69' lang='grc'><strong>“</strong></span> <span class='ocrx_word' id='word_1_268' title='bbox 378 4021 423 4091; x_wconf 86' lang='grc'>20)</span> <span class='ocrx_word' id='word_1_269' title='bbox 443 4025 476 4076; x_wconf 87' lang='lat' dir='ltr'>cf.</span> <span class='ocrx_word' id='word_1_270' title='bbox 490 4023 588 4078; x_wconf 88' lang='lat' dir='ltr'>Hoeok.</span> <span class='ocrx_word' id='word_1_271' title='bbox 627 4024 699 4077; x_wconf 80' lang='lat' dir='ltr'>Rom.</span> <span class='ocrx_word' id='word_1_272' title='bbox 716 4026 810 4077; x_wconf 76' lang='lat' dir='ltr'>Gesch.</span> <span class='ocrx_word' id='word_1_273' title='bbox 825 4024 850 4076; x_wconf 90' lang='lat' dir='ltr'>ll</span> <span class='ocrx_word' id='word_1_274' title='bbox 866 4043 890 4093; x_wconf 84' lang='lat' dir='ltr'>p.</span> <span class='ocrx_word' id='word_1_275' title='bbox 906 4026 996 4079; x_wconf 80' lang='lat'>31811.</span> <span class='ocrx_word' id='word_1_276' title='bbox 1033 4026 1083 4078; x_wconf 90' lang='lat' dir='ltr'>Die</span> <span class='ocrx_word' id='word_1_277' title='bbox 1103 4027 1193 4078; x_wconf 84' lang='lat' dir='ltr'>Reden</span> <span class='ocrx_word' id='word_1_278' title='bbox 1211 4025 1270 4077; x_wconf 93' lang='lat' dir='ltr'>sind</span> <span class='ocrx_word' id='word_1_279' title='bbox 1287 4024 1466 4092; x_wconf 72' lang='lat' dir='ltr'>Erzeugnisse</span> 
     </span>
     <span class='ocr_line' id='line_1_33' title="bbox 288 4094 1465 4163; baseline 0.002 -18"><span class='ocrx_word' id='word_1_280' title='bbox 288 4094 338 4147; x_wconf 91' lang='lat' dir='ltr'>der</span> <span class='ocrx_word' id='word_1_281' title='bbox 362 4094 487 4146; x_wconf 79' lang='lat' dir='ltr'>Rhetorilr</span> <span class='ocrx_word' id='word_1_282' title='bbox 512 4095 584 4147; x_wconf 82' lang='lat' dir='ltr'>Dio&#39;s</span> <span class='ocrx_word' id='word_1_283' title='bbox 610 4097 663 4147; x_wconf 87' lang='lat' dir='ltr'>und</span> <span class='ocrx_word' id='word_1_284' title='bbox 689 4094 740 4147; x_wconf 83' lang='lat' dir='ltr'>vell</span> <span class='ocrx_word' id='word_1_285' title='bbox 765 4095 997 4163; x_wconf 81' lang='lat' dir='ltr'>psychologiscber</span> <span class='ocrx_word' id='word_1_286' title='bbox 1023 4098 1075 4149; x_wconf 89' lang='lat' dir='ltr'>und</span> <span class='ocrx_word' id='word_1_287' title='bbox 1099 4096 1270 4149; x_wconf 78' lang='lat' dir='ltr'>historischen</span> <span class='ocrx_word' id='word_1_288' title='bbox 1288 4096 1396 4163; x_wconf 81' lang='lat' dir='ltr'>Fehler3</span> <span class='ocrx_word' id='word_1_289' title='bbox 1422 4098 1465 4148; x_wconf 90' lang='lat' dir='ltr'>die</span> 
     </span>
     <span class='ocr_line' id='line_1_34' title="bbox 287 4164 1019 4232; baseline 0.005 -16"><span class='ocrx_word' id='word_1_290' title='bbox 287 4164 397 4217; x_wconf 86' lang='lat' dir='ltr'>letztere</span> <span class='ocrx_word' id='word_1_291' title='bbox 417 4164 479 4216; x_wconf 85' lang='lat' dir='ltr'>aber</span> <span class='ocrx_word' id='word_1_292' title='bbox 498 4182 549 4217; x_wconf 85' lang='lat' dir='ltr'>von</span> <span class='ocrx_word' id='word_1_293' title='bbox 567 4167 674 4232; x_wconf 85' lang='lat' dir='ltr'>grossem</span> <span class='ocrx_word' id='word_1_294' title='bbox 693 4167 772 4219; x_wconf 75' lang='lat' dir='ltr'>ll&#39;ert</span> <span class='ocrx_word' id='word_1_295' title='bbox 790 4168 836 4218; x_wconf 80' lang='lat' dir='ltr'>fiir</span> <span class='ocrx_word' id='word_1_296' title='bbox 855 4167 1019 4220; x_wconf 79' lang='lat' dir='ltr'>Gesclrichte.</span> 
     </span>
    </p>
   </div>
   <div class='ocr_carea' id='block_1_5' title="bbox 378 4234 1028 4376">
    <p class='ocr_par' dir='ltr' id='par_1_5' title="bbox 378 4234 1028 4376">
     <span class='ocr_line' id='line_1_35' title="bbox 378 4234 1028 4307; baseline 0.008 -21"><span class='ocrx_word' id='word_1_297' title='bbox 378 4234 423 4302; x_wconf 85' lang='grc'>21)</span> <span class='ocrx_word' id='word_1_298' title='bbox 442 4236 635 4288; x_wconf 85' lang='lat' dir='ltr'>Friedlaender.</span> <span class='ocrx_word' id='word_1_299' title='bbox 657 4237 828 4305; x_wconf 82' lang='lat' dir='ltr'>Sitteugesch.</span> <span class='ocrx_word' id='word_1_300' title='bbox 849 4238 917 4305; x_wconf 74' lang='lat'>1⁶1).</span> <span class='ocrx_word' id='word_1_301' title='bbox 938 4241 953 4291; x_wconf 77' lang='lat' dir='ltr'>b</span> <span class='ocrx_word' id='word_1_302' title='bbox 972 4256 1028 4307; x_wconf 87' lang='lat' dir='ltr'>sqq.</span> 
     </span>
     <span class='ocr_line' id='line_1_36' title="bbox 378 4305 645 4376; baseline 0.011 -19"><span class='ocrx_word' id='word_1_303' title='bbox 378 4305 424 4376; x_wconf 92' lang='grc'>22)</span> <span class='ocrx_word' id='word_1_304' title='bbox 443 4306 459 4359; x_wconf 94' lang='lat' dir='ltr'>l.</span> <span class='ocrx_word' id='word_1_305' title='bbox 479 4306 496 4358; x_wconf 94' lang='lat' dir='ltr'>l.</span> <span class='ocrx_word' id='word_1_306' title='bbox 518 4307 565 4362; x_wconf 87' lang='lat' dir='ltr'>col.</span> <span class='ocrx_word' id='word_1_307' title='bbox 586 4308 645 4361; x_wconf 74' lang='grc' dir='ltr'>Ι781.</span> 
     </span>
    </p>
   </div>
   <div class='ocr_carea' id='block_1_6' title="bbox 0 0 1760 5292">
    <p class='ocr_par' dir='ltr' id='par_1_6' title="bbox 0 0 1760 5292">
     <span class='ocr_line' id='line_1_37' title="bbox 0 0 1760 5292; baseline 0 0"><span class='ocrx_word' id='word_1_308' title='bbox 0 0 1760 5292; x_wconf 95' lang='lat' dir='ltr'> </span> 
     </span>
    </p>
   </div>
  </div>
 </body>
</html>
