3509 5292
821 552 1034 613 -32-

340 724 591 806 Graecei-uince)
624 725 710 789 Ordo
733 730 838 791 autem
859 727 995 791 Doricus
1019 730 1138 793 dudum
1157 730 1220 792 fuit
1238 728 1391 794 Romanis
1408 737 1511 813 notus,

339 851 411 894 oum
433 832 623 915 Corinthius,
648 853 742 917 quem
760 835 822 897 iam
841 835 875 896 in
895 836 1117 918 antiquissimo
1136 836 1255 900 Romae
1275 838 1404 921 templo,
1429 839 1512 920 quod

338 939 379 1001 ad
412 959 470 1002 nos
502 942 655 1022 pervenit,
691 941 873 1004 invenimus
888 944 935 1021 ⁴³),
970 943 1186 1025 maximopere
1226 943 1373 1007 floruerit
1411 947 1514 1009 aetate

339 1046 591 1129 imperatoriae)

427 1152 499 1215 Tria
522 1163 627 1217 autem
653 1155 851 1237 potissimum
876 1161 960 1231 sunt,
983 1175 1074 1238 quae,
1098 1158 1125 1219 si
1149 1157 1221 1239 quis
1245 1157 1415 1239 diligenter
1437 1158 1513 1241 legit

338 1258 479 1322 Vitruvii
503 1260 542 1323 de
566 1262 678 1324 ordine
703 1260 865 1324 Corinthio
897 1263 1001 1343 verba,
1032 1254 1153 1345 aliquid
1183 1263 1367 1327 offensionis
1398 1265 1514 1329 habere

338 1368 467 1449 possint.
493 1367 541 1428 Ac
560 1369 699 1449 primum
720 1369 848 1449 quidem
872 1368 1044 1451 Ussingius
1066 1373 1099 1431 in
1124 1390 1161 1433 eo
1186 1355 1346 1453 quondam
1371 1372 1513 1453 offendit

338 1473 425 1555 qnod
446 1472 613 1537 Vitruvius
637 1475 789 1557 praecipit
812 1477 933 1555 „cetera
956 1476 1105 1556 membra,
1129 1496 1211 1559 quae
1229 1496 1326 1559 supra
1345 1478 1512 1542 columnas

340 1578 544 1664 [Corinthias]
569 1583 787 1663 imponuntur,
811 1586 866 1643 aut
889 1600 906 1644 e
929 1581 1053 1645 Doricis
1082 1585 1277 1663 symmetriis
1307 1590 1365 1646 aut
1394 1584 1513 1647 Ionicis
1545 1608 1548 1615 ¹

337 1687 480 1750 moribus
498 1688 531 1749 in
543 1686 714 1750 Corinthiis
734 1687 1131 1752 001111111113(101110111111111ιι
1151 1692 1192 1773 (p.
1203 1692 1255 1767 84,
1266 1692 1379 1771 7-9);
1405 1697 1512 1753 tamen

337 1793 418 1855 hano
442 1797 697 1857 coniunctionem
729 1795 875 1857 ordinum
906 1798 968 1858 iam
991 1795 1098 1859 Paesti
1120 1798 1303 1859 invenimus
1325 1798 1359 1859 in
1384 1798 1513 1881 templo,

338 1901 424 1982 quod
448 1902 533 1964 tertii
556 1922 582 1963 a.
607 1900 679 1963 Chr.
704 1903 823 1965 saeculi
846 1902 950 1984 priore
974 1903 1102 1965 dimidio
1125 1902 1246 1965 laetum
1270 1905 1370 1983 est.⁴⁵)
1479 1948 1482 1951 «

426 2003 548 2088 Deinde
577 2025 747 2088 Vitruvius
775 2026 852 2088 dicit
882 2026 932 2107 „iu
961 2029 1111 2090 extremis
1139 2028 1265 2110 angulis
1295 2030 1513 2112 semimetopia

337 2150 406 2195 esse
429 2133 657 2215 imprimenda“
687 2135 726 2216 (p.
753 2134 803 2213 92,
829 2134 869 2195 15
894 2135 965 2215 sq.);
997 2134 1083 2215 quod
1106 2140 1308 2216 praeceptum
1339 2135 1373 2197 in
1398 2155 1511 2198 monu-

335 2241 459 2318 mentis,
489 2259 570 2321 quae
593 2240 633 2302 ad
656 2259 714 2302 nos
742 2244 964 2321 pervenerunt,
991 2260 1151 2323 nusquam
1175 2241 1278 2304 adhuc
1306 2240 1510 2304 observatum

337 2364 405 2409 esse
429 2346 632 2426 videmus.⁴⁶)
685 2345 746 2409 Sed
771 2346 944 2409 tenendum
971 2352 1019 2409 est
1041 2348 1120 2410 illud
1143 2353 1345 2432 praeceptum
1370 2352 1402 2424 et
1426 2367 1511 2411 mera

336 2453 574 2515 ratiocinatione
592 2452 738 2525 effectum
756 2472 824 2515 esse
840 2471 931 2534 posse
949 2472 1054 2534 neque
1071 2457 1177 2517 omnia
1193 2454 1286 2517 nobis
1304 2461 1510 2519 monumenta

337 2568 470 2639 servata,
502 2560 557 2622 sed
582 2559 756 2621 maximam
780 2578 891 2622 eorum
915 2565 1035 2641 partem
1064 2560 1224 2624 oblivione
1253 2561 1399 2624 obrutam
1425 2580 1506 2638 esse3

335 2672 418 2728 certe
450 2674 554 2729 autem
589 2666 628 2729 de
662 2673 810 2748 tempore,
844 2686 908 2748 quo
941 2666 1109 2731 Vitruvius
1141 2669 1275 2750 scripsit,
1309 2686 1350 2731 ex
1384 2668 1444 2731 hac
1475 2688 1508 2731 re

334 2773 440 2855 colligi
465 2773 544 2834 nihil
567 2779 677 2856 potest.

423 2879 570 2961 Denique
593 2886 678 2942 vetat
704 2880 870 2944 Vitruvius
894 2883 928 2943 in
951 2882 1083 2963 fastigiis
1107 2881 1283 2944 denticulos
1306 2881 1375 2945 fieri
1398 2882 1440 2965 (p.
1457 2884 1506 2962 90,

335 2988 353 3049 t
374 2985 437 3069 sql3
463 2987 521 3049 hoo
545 3006 619 3049 vero
644 2988 720 3069 quin
745 3007 786 3050 err
803 2986 894 3051 fonte
917 2989 1025 3070 aliquo
1045 2988 1223 3070 antiquiore
1243 2988 1447 3071 descripserit
1465 3025 1504 3034 -

334 3093 373 3156 de
403 3094 544 3176 antiquis
572 3095 640 3177 ipse
669 3094 812 3177 loquitur
845 3096 864 3159 l.
895 3096 915 3157 l.
953 3132 994 3140 -
1032 3094 1164 3157 dubium
1194 3113 1259 3156 non
1292 3101 1354 3173 est3
1391 3096 1506 3179 apertis

333 3206 438 3263 autem
470 3200 576 3262 verbis
609 3219 699 3263 suam
733 3201 771 3263 de
803 3201 862 3263 ha‘c
891 3220 927 3264 re
959 3201 1140 3283 opinionem
1171 3202 1398 3284 pronuntiavit
1432 3204 1505 3286 quin

334 3306 461 3369 videbat
479 3305 639 3370 Romanos
657 3308 691 3369 in
710 3307 844 3389 fastigiis
864 3307 1039 3371 denticulos
1062 3308 1226 3370 admittere
1253 3308 1362 3371 solitos
1386 3310 1505 3391 esse,⁴⁷)

331 3413 365 3475 id
390 3413 474 3495 quod
498 3415 646 3496 antiquos
670 3422 797 3478 secutus
820 3413 984 3497 improbat.

420 3588 465 3655 42)
485 3589 604 3642 Durml.
624 3588 641 3645 1.
660 3607 685 3656 p.
705 3590 766 3642 373.

420 3661 465 3729 43)
485 3660 559 3713 Rom.
581 3660 648 3713 Mitt.
669 3658 737 3714 1895
756 3676 782 3727 p.
804 3661 835 3712 17
856 3659 986 3728 (Hiilsen).
1024 3659 1317 3727 Springer·-Miohaelis.⁷
1355 3662 1461 3719 Handb.
1481 3663 1503 3715 d.

331 3730 506 3798 Kunstgesoh.
526 3731 539 3784 I
557 3748 582 3798 p.
602 3733 662 3785 373.

396 3854 400 3858 ,
421 3804 466 3869 44)
486 3801 718 3870 Springer·Mich.⁷
736 3819 761 3869 p.
781 3801 842 3856 389.

420 3874 466 3942 45)
484 3872 797 3941 Koldewey-Puohstein
831 3873 899 3942 „Die
931 3873 1028 3941 griech.
1056 3873 1163 3941 Tempel
1191 3874 1219 3925 in
1245 3874 1423 3927 Unteritalien
1450 3875 1504 3928 und

331 3943 455 3999 8111111111ιι
483 3944 551 3998 1899
577 3961 603 4013 p.
628 3944 670 3999 32.
695 3945 730 4000 ci.
754 3944 833 3999 etiam
857 3944 957 3997 Krohn.
994 3943 1063 3998 Berl.
1082 3944 1176 3998 Philol.
1195 3945 1388 4001 Wochenschr.
1427 3947 1503 4001 1897.

331 4014 380 4070 col.
400 4016 460 4070 778.

418 4086 465 4156 46)
486 4086 707 4155 Ferret-Chipiez.
745 4086 860 4140 Histoire
878 4087 911 4139 de
929 4087 988 4140 l'art
1007 4088 1072 4140 dans
1089 4084 1243 4155 l’antiquite.
1281 4086 1334 4139 VII
1352 4104 1377 4155 p.
1395 4088 1448 4142 493
1465 4104 1502 4155 sq.

419 4159 464 4225 47)
484 4158 518 4210 cf.
534 4157 628 4211 'Noaclr
664 4157 759 4211 Philol.
796 4158 837 4212 58.
858 4174 884 4227 p.
905 4158 946 4212 18.
991 4158 1077 4211 Durm
1099 4156 1116 4211 l.
1136 4158 1153 4214 l.
1172 4175 1197 4226 p.
1216 4157 1269 4211 386
1293 4158 1418 4213 Ceterum
1441 4174 1502 4213 con-

331 4229 443 4282 suetudo
460 4228 506 4281 illa
517 4228 698 4283 Romanorum
711 4228 853 4283 manifesta
867 4230 949 4283 estin
966 4230 1077 4296 picturis
1095 4245 1198 4297 quoque
1215 4228 1383 4296 Pompeianis
1401 4229 1503 4299 generis

331 4300 400 4367 quod
410 4300 516 4424 S{linitqr
539 4299 620 4369 primi
639 4303 665 4354 et
684 4299 800 4357 alterius.
825 4301 859 4352 cf.
880 4300 950 4370 Mau,
969 4299 1091 4368 Pompeii
1108 4300 1136 4351 in
1154 4299 1243 4353 Leben
1261 4316 1288 4352 u.
1308 4300 1405 4354 Kunst.
1435 4299 1503 4356 1900
