3509 5292
773 513 983 575 -73-

298 686 350 750 Dio
383 687 479 770 paulo
511 694 582 770 post
614 689 709 751 tradit
741 709 823 751 anno
857 690 898 751 46
933 690 1069 751 statuam
1104 689 1245 754 Caesaris
1276 692 1310 753 in
1339 689 1464 764 Quirini

295 794 406 877 templo
431 794 536 857 verbis
561 796 638 874 „deo
661 796 798 858 invicto“
822 798 982 879 inscriptis
1006 799 1138 878 positam
1163 816 1231 860 esse
1254 799 1316 878 (43,
1336 800 1399 876 451,
1424 797 1463 858 ad

293 902 375 984 quod
407 902 524 964 factum
561 902 726 964 referenda
762 911 837 965 siant
869 903 966 965 verba
998 902 1160 966 Ciceronis
1193 905 1232 967 de
1263 903 1395 967 Caesare
1428 908 1465 965 ut

291 1006 413 1091 συννάῳ
447 1013 477 1071 01
509 1008 725 1072 contubernali
759 1007 885 1083 Quirini
918 1010 1057 1091 1101131)
1104 1008 1209 1084 Quare
1241 1030 1366 1091 causa,
1401 1031 1465 1092 qua

290 1122 467 1179 commotus
497 1115 648 1178 Hirtius
680 1116 840 1198 quondam
871 1123 1111 1197 argumentatus
1142 1119 1279 1196 0111101.
1304 1138 1332 1200 p.
1358 1120 1386 1180 5.
1413 1119 1463 1197 11)

291 1222 474 1285 Vitruvium
491 1228 562 1305 post
577 1242 697 1284 annum
715 1223 841 1285 demum
862 1224 910 1303 16,
931 1242 995 1305 quo
1013 1225 1106 1286 aedes
1124 1224 1163 1285 ab
1181 1225 1330 1305 Augusto
1350 1224 1464 1287 refecta

291 1330 396 1391 denuo
420 1329 564 1391 dedicata
588 1335 643 1410 est,
668 1331 838 1411 scripsisse,
863 1336 945 1392 stare
968 1350 1034 1391 non
1057 1331 1119 1393 iarn
1144 1338 1254 1413 potest.

378 1436 494 1499 Tamen
513 1438 655 1517 quaestio
674 1438 781 1513 oritur,
801 1437 838 1499 ad
860 1437 1022 1519 quodnam
1042 1439 1194 1519 templum
1211 1437 1350 1501 Vitruvii
1369 1438 1465 1500 verba

290 1543 454 1605 referenda
477 1545 549 1619 sint,
580 1550 687 1605 utrum
712 1543 752 1605 ad
775 1550 936 1605 vetustum
960 1544 1166 1626 Papirianum
1198 1566 1237 1606 an
1262 1545 1301 1606 ad
1328 1546 1465 1627 Augusti

289 1649 469 1712 aedificium
503 1652 670 1728 recentius,
704 1651 742 1712 de
775 1671 838 1731 quo
871 1649 932 1712 Dio
965 1652 1041 1713 dicit
1074 1653 1136 1732 (54,
1172 1654 1237 1729 iet:
1281 1648 1361 1733 πρὶν
1384 1642 1465 1737 deli

290 1753 519 1842 ἀφορμᾶσθαι,
550 1756 607 1818 τὸν
635 1751 854 1839 101111001νο0
884 1757 962 1819 ναὸν
990 1754 1194 1840 καθιέρωσεν
1216 1755 1252 1820 ἐν.
1276 1768 1388 1842 καινῆς
1412 1752 1463 1821 01-

289 1862 476 1948 1011011ήοος
494 1896 503 1913 ·
521 1853 618 1925 εἶπον
636 1859 672 1925 δέ
690 1871 785 1926 τοῦτο
804 1858 855 1927 ὅτι
875 1860 911 1939 ἕξ
923 1860 980 1925 καὶ
1000 1858 1221 1949 ἑβδομήκοντα
1240 1860 1348 1927 κίοσιν
1367 1860 1465 1927 αὐτὸν

290 1967 469 2056 ἐκόσμησεν
503 1965 630 2052 ὅσαπερ
661 1969 702 2031 τὰ
733 1967 845 2032 adana
881 1965 936 2056 ἔτη
967 1967 1089 2049 διεβίω,
1124 1968 1186 2033 κάκ
1220 1970 1336 2033 τούτου
1369 1968 1463 2052 λόγον

290 2073 356 2139 τισὶ
390 2072 552 2158 παρέσχεν
583 2068 627 2151 ὡς
659 2073 716 2138 καὶ
753 2071 943 2163 ἐξεπίτηδες
978 2074 1057 2141 αὐτὸ
1096 2069 1206 2140 dtt'od
1244 2077 1329 2140 acad
1362 2075 1462 2163 τύχην

288 2174 395 2259 ἄλλως
414 2179 552 2266 πράξας.
590 2183 661 2245 Hoc
676 2190 812 2246 statuere
827 2184 951 2263 debent,
968 2186 1152 2267 quicunque
1162 2185 1259 2247 Hirtii
1274 2187 1461 2247 sententiam

289 2290 432 2372 probant,
462 2298 558 2372 atque
587 2289 746 2353 stabilitur
772 2292 885 2353 horum
912 2294 1017 2373 opinio
1041 2312 1085 2373 00,
1118 2293 1299 2374 quodcum
1325 2292 1464 2353 Vitruvii

291 2398 397 2459 verbis
421 2398 576 2479 „dipteros
596 2404 699 2459 autem
721 2399 891 2478 octastylos
910 2405 941 2460 et
963 2419 1080 2481 pronao
1105 2409 1136 2461 et
1154 2402 1283 2481 postico,
1307 2400 1361 2461 sed
1382 2400 1465 2460 circa

289 2505 398 2566 aedem
425 2505 567 2585 duplices
591 2505 683 2566 habet
702 2505 828 2567 ordines
847 2506 1075 2584 columnarum,
1100 2509 1146 2568 uti
1167 2513 1214 2568 est
1233 2507 1319 2568 aedis
1338 2504 1463 2579 Quirini

290 2612 414 2673 (101101ιι
439 2629 464 2672 e.
490 2630 518 2692 q.
542 2630 565 2672 s.
591 2613 628 2692 (p.
655 2612 704 2691 ab,
730 2612 828 2687 2-5)
858 2614 977 2694 optime
1007 2614 1144 2675 conferri
1173 2620 1275 2695 potest
1297 2614 1387 2675 locus
1411 2613 1465 2674 ille

290 2716 411 2798 DIoms⁷
437 2719 493 2799 qui
516 2720 584 2800 ipse
607 2737 735 2800 quoque
759 2718 797 2780 de
821 2718 943 2801 diptero
967 2721 1119 2798 octastylo
1145 2721 1337 2802 loquitur.³2)

383 2824 565 2886 Wissowa
596 2844 723 2907 quoque
747 2826 786 2887 ad
810 2845 923 2887 novam
950 2827 1059 2889 aedem
1083 2826 1225 2889 Vitruvii
1252 2826 1349 2888 verba
1373 2828 1466 2889 refert

290 2950 361 2993 curn
389 2932 511 3007 (11011331
542 2940 612 3013 post
635 2933 676 2992 49
709 2950 777 2993 eam
802 2934 915 2995 leviter
937 2941 968 2995 et
991 2934 1030 2995 ad
1054 2942 1180 3016 tempus
1203 2934 1352 2995 refectam
1380 2952 1462 3008 esse;

292 3039 376 3120 quod
400 3041 428 3100 si
450 3046 569 3100 rectum
601 3046 682 3101 esset
711 3058 814 3122 neque
838 3042 876 3102 de
900 3040 1001 3102 solida
1025 3042 1225 3102 restitutione
1256 3042 1360 3103 statim
1384 3042 1465 3102 faeta

289 3146 421 3222 cogitari
444 3152 557 3227 posset,
588 3165 652 3207 non
679 3146 865 3225 dubitarem,
897 3149 973 3229 quin
1000 3146 1141 3209 Vitruvii
1166 3147 1260 3210 verba
1284 3147 1322 3208 ad
1348 3166 1463 3208 novam

291 3254 387 3314 solam
410 3252 518 3314 aedem
538 3252 702 3314 referenda
721 3260 832 3334 essent,
857 3273 919 3314 non
941 3256 979 3315 ad
1000 3255 1059 3315 boc
1078 3253 1258 3317 aedificium
1280 3253 1317 3314 ad
1339 3256 1463 3335 tempus

290 3378 383 3442 aegre
417 3361 606 3421 restitutum.
671 3358 783 3441 Neque
816 3379 891 3421 vero
925 3363 1054 3422 omnino
1092 3362 1150 3421 boc
1188 3359 1349 3442 probabile
1386 3360 1464 3421 mihi

290 3467 430 3542 videtum
462 3485 536 3527 nam
567 3472 669 3528 statua
696 3465 838 3528 Caesaris
868 3469 1074 3548 imperatoris
1107 3469 1160 3528 cui
1187 3467 1372 3547 inscriptum
1397 3474 1464 3527 erat

291 3574 367 3653 „dec
391 3573 535 3653 invictd‘,
569 3593 631 3635 non
666 3574 768 3656 potuit
799 3575 830 3633 in
865 3574 920 3635 tali
951 3573 1091 3635 aedificio
1122 3574 1277 3653 collocari,
1310 3573 1364 3634 sed
1396 3575 1465 3635 sine

290 3679 389 3741 dubio
414 3681 513 3762 posita
537 3682 658 3741 eratin
683 3682 758 3741 aede
782 3682 906 3760 integra
931 3689 1025 3761 atque
1049 3679 1282 3758 magnificentia
1307 3691 1337 3741 et
1360 3680 1465 3761 splen-

292 3787 366 3848 dore
390 3787 550 3863 eminenti,
575 3788 699 3869 qualem
724 3788 822 3849 fuisse
847 3794 959 3848 ornatu
980 3788 1152 3868 spoliorum
1173 3787 1334 3848 hostilium
1354 3785 1464 3848 aedem

290 3892 492 3975 Papirianam
516 3894 589 3955 11001
613 3896 790 3955 0011001110
814 3892 893 3974 (Liv.
918 3892 951 3955 X
974 3893 1038 3974 46).

379 4035 424 4094 31)
445 4033 485 4085 Ad
506 4036 558 4086 att.
584 4032 641 4085 XII
659 4035 705 4086 45:
735 4049 795 4084 eum
822 4033 981 4100 [Caesarem]
1012 4029 1131 4086 obvvuov
1157 4032 1257 4097 Quirini
1287 4031 1355 4084 malo
1384 4047 1462 4098 {quarn

289 4104 395 4158 Salutis.
415 4104 485 4157 XIII
503 4104 546 4165 28,
566 4106 594 4157 3:
620 4108 650 4155 tu
668 4105 737 4157 hunc
761 4105 793 4155 de
819 4120 915 4171 pompa
933 4105 1036 4169 Quirini
1060 4104 1276 4157 contubernalem
1302 4104 1342 4155 his
1368 4103 1464 4155 nostris

291 4176 431 4228 moderatis
450 4174 569 4242 epistulis
587 4175 745 4227 laetaturum
764 4176 861 4241 putas?

379 4247 424 4305 321
445 4247 478 4299 01.
499 4247 606 4299 Becker.
646 4265 668 4312 p.
689 4245 740 4300 5i2
759 4261 797 4312 sq.

377 4320 424 4386 33)
444 4320 503 4370 Ges
523 4318 591 4369 Abh.
613 4317 681 4371 1904
701 4318 1122 4386 ,1101Το111001(100(101111101ιι
1142 4335 1166 4384 p.
1188 4319 1239 4370 144
1258 4334 1313 4385 sqq.
