3509 5292
772 527 985 589 ..19-

287 703 504 786 inspexisse1)
530 722 718 786 persuasum
750 704 825 766 mihi
856 708 904 765 est
925 721 1031 784 neque
1054 704 1143 785 prius
1167 704 1205 765 de
1228 703 1288 765 hac
1310 704 1467 767 sententia

288 810 440 873 decedam
461 830 558 892 quam
577 813 770 874 contrarium
790 809 957 892 probatum
978 813 1050 884 erit3
1071 810 1168 873 immo
1184 828 1275 892 spero
1288 828 1340 873 me
1358 817 1466 892 postea

290 936 395 980 meam
426 918 614 979 sententiam
644 918 839 1000 argumentis
869 935 961 998 posse
991 917 1138 979 stabilire.
1184 915 1273 979 Haec
1302 916 1466 997 habebam,

289 1043 375 1105 quae
399 1029 508 1087 contra
532 1022 790 1100 Schanzium2)
814 1023 1007 1086 dissererem.

384 1128 489 1204 Quare
504 1131 545 1198 ,si
570 1130 738 1194 Vitruvius
768 1128 912 1193 aedificia
942 1129 1096 1212 quaedam
1127 1134 1289 1211 memorat,
1322 1148 1360 1192 ea
1388 1135 1467 1209 tum,

289 1257 366 1300 cum
399 1237 439 1299 de
467 1238 513 1299 cis
540 1238 676 1320 scripsit,
713 1238 890 1300 exstiterint
922 1255 1050 1298 necesse
1078 1243 1136 1316 est,
1169 1236 1254 1299 unde
1281 1242 1468 1319 argumenta

292 1364 353 1407 nos
373 1363 484 1426 capere
502 1363 594 1426 posse
613 1352 742 1427 apparet
765 1343 803 1406 ad
829 1349 966 1425 tempus,
992 1362 1056 1425 quo
1081 1343 1120 1405 de
1139 1344 1185 1405 eis
1204 1344 1337 1426 scripsit,
1360 1344 1468 1406 termi-

289 1450 444 1513 nandum.
580 1461 582 1465 ‘

383 1557 563 1637 Araeostyli
596 1559 801 1640 proprietates
831 1556 999 1619 Vitruvius
1035 1556 1122 1618 hisce
1154 1556 1259 1618 verbis
1292 1555 1465 1639 significat:

289 1714 299 1727 .
321 1713 327 1726 .
348 1713 354 1726 .
373 1670 422 1745 „et
440 1664 582 1746 ipsarum
601 1664 727 1727 aedium
747 1666 867 1746 species
887 1668 963 1726 sunt
980 1662 1212 1745 barycepbalae
1230 1662 1367 1725 humiles
1385 1662 1468 1725 latae

288 1777 512 1852 ornanturque
535 1771 634 1850 signis
656 1770 808 1834 fictilibus
831 1776 886 1833 aut
909 1771 1009 1832 aereis
1036 1770 1188 1832 inauratis
1211 1788 1319 1831 earum
1341 1768 1468 1851 fastigia

290 1878 457 1940 tuscanico
481 1895 576 1958 more,
604 1878 651 1940 uti
675 1883 724 1939 est
747 1878 790 1940 ad
815 1875 964 1939 Circum
992 1877 1199 1937 maximum
1224 1873 1413 1938 Cereris‘.
1433 1925 1467 1941 ..

288 1986 335 2066 (p.
362 1986 412 2064 71,
439 1985 512 2046 17-
526 1964 589 2058 20).
636 1983 719 2046 Illud
743 1984 906 2066 templum,
937 1982 1022 2063 quod
1053 1984 1114 2044 iam
1143 2002 1226 2044 anno
1256 2002 1282 2045 a.
1307 1979 1378 2046 Chr.
1402 1984 1466 2045 493

290 2090 473 2152 dedicatum
494 2098 560 2153 erat
578 2089 723 2172 (Dionys
743 2089 814 2153 Hal.
831 2089 877 2151 VI
894 2089 949 2168 94)
968 2107 1051 2151 anno
1071 2109 1097 2152 a.
1118 2086 1188 2150 Chr.
1205 2090 1245 2151 31
1267 2090 1342 2169 igne
1360 2088 1469 2152 fundi-

291 2205 346 2258 tus
370 2206 593 2279 consumptum
619 2216 687 2259 esse
711 2198 800 2259 testis
824 2204 870 2258 est
895 2195 955 2259 Dio
980 2197 1044 2277 (50,
1072 2198 1128 2258 10:
1160 2191 1217 2257 καὶ
1241 2203 1309 2279 πῦρ
1332 2191 1417 2257 ἄλλα
1432 2218 1469 2259 τε

288 2298 351 2365 οὐκ
370 2297 465 2385 ὀλίγα
489 2351 497 2364 .
522 2351 529 2364 .
554 2351 561 2365 .
592 2301 630 2365 τό
652 2325 687 2366 τε
706 2298 895 2389 Δημήτριον
920 2351 926 2363 .
953 2352 958 2363 .
983 2296 1176 2387 ,ἔφθειρεν
1201 2302 1239 2364 cf.
1264 2302 1363 2366 Strab.
1388 2302 1468 2365 VIII

291 2412 354 2491 6p.
380 2409 486 2472 381b:
512 2409 567 2472 τὸν
591 2406 626 2472 δὲ
650 2406 805 2472 Διόνυσον
829 2404 1039 2488 ἀνακείμενον
1062 2405 1095 2470 ἐν
1118 2408 1164 2491 τῷ
1189 2403 1381 2494 Δημητρείῳ
1402 2456 1410 2471 .
1431 2457 1467 2472 ..

289 2510 451 2596 ἑωρῶμεν.
475 2512 727 2602 ἐμπρησθέντος
750 2512 786 2578 δὲ
809 2516 866 2578 τοῦ
897 2514 957 2579 νεὼ
981 2509 1211 2603 ουνηφανίσθη
1235 2511 1294 2577 καὶ
1317 2504 1337 2597 ἡ
1361 2516 1468 2601 γραφὴ

290 2617 440 2703 νεωστί),·
462 2624 630 2701 Augustus
653 2622 855 2685 reficiendam
881 2641 950 2685 eam
975 2622 1085 2685 aedem
1109 2624 1242 2701 curavit,
1266 2622 1322 2685 sed
1345 2620 1469 2685 Tiberio

287 2729 423 2791 demum
452 2732 626 2812 Imperante
656 2748 739 2791 anno
769 2750 797 2812 p.
823 2728 894 2791 Chr.
922 2731 959 2791 17
993 2729 1107 2791 iterum
1139 2727 1282 2791 dedicata
1312 2734 1359 2791 est
1388 2729 1468 2810 (Tac.

287 2855 365 2898 ann.
391 2834 511 2916 1149).

383 2939 462 3004 Cum
482 2946 574 3005 antea
591 2949 648 3005 aut
661 2943 754 3025 plane
769 2942 947 3025 neglectum
965 2948 1046 3005 esset
1061 2942 1212 3024 templum
1226 2941 1305 3003 illud
1323 2961 1408 3004 anuo
1424 2943 1465 3004 31

290 3049 434 3111 deletum
459 3069 477 3112 a
499 3049 649 3111 Vitruvio
678 3050 876 3128 memora-riss)
901 3056 956 3111 aut
984 3050 1028 3110 ita
1051 3048 1273 3130 explicaretur,
1301 3053 1337 3112 ut
1359 3047 1470 3110 Vitru-

292 3156 384 3218 vium
409 3157 571 3237 antiquam
596 3156 706 3219 aedem
736 3161 875 3237 spectare
904 3157 1117 3236 statuerent,4)
1145 3155 1207 3233 alii,
1236 3173 1317 3237 quos
1341 3161 1469 3218 secutus

289 3268 343 3324 est
357 3260 578 3345 Ussingius,
597 3262 671 3325 inde
684 3260 910 3325 concluserunt
924 3261 1108 3325 VitruvIum
1125 3282 1188 3324 non
1208 3262 1291 3324 intra
1311 3282 1412 3325 annos
1430 3263 1469 3323 16

291 3375 326 3431 et
351 3369 392 3430 13
417 3369 588 3450 scripsisse,
612 3368 676 3443 sed,
700 3388 772 3431 cum
798 3369 892 3432 aedes
915 3389 999 3431 anno
1022 3389 1051 3451 p.
1072 3367 1142 3431 Ohr.
1168 3371 1206 3431 17
1233 3369 1360 3432 demum
1384 3369 1471 3432 dedi-

288 3480 363 3537 cata
382 3486 474 3554 esset,
493 3494 533 3537 ne
554 3475 671 3537 vixisse
691 3476 820 3557 quidem
831 3477 971 3558 Augusti
990 3482 1099 3553 aetate,
1118 3476 1173 3537 sed
1193 3486 1265 3557 post
1283 3495 1404 3538 annum
1419 3477 1469 3555 17,

291 3582 322 3644 b.
356 3599 381 3645 e.
411 3588 448 3644 ut
478 3582 524 3643 illi
555 3587 713 3660 statuunt,
746 3589 800 3644 aut
830 3582 1012 3645 Flaviorum
1043 3581 1238 3663 temporibus
1270 3589 1326 3645 aut
1356 3588 1469 3664 quarto

289 3708 323 3770 p.
349 3685 420 3751 Chr.
445 3688 581 3750 saeculo.
627 3687 760 3751 Rectum
784 3689 867 3751 vidit
889 3686 1096 3768 Krobnius,
1119 3708 1214 3770 quem
1238 3690 1337 3751 secuti
1363 3690 1471 3752 Vitru-

384 3828 410 3896 1)
430 3828 465 3881 ci.
484 3828 563 3881 etiam
581 3829 597 3881 J
603 3828 756 3881 ordanum
776 3829 803 3881 in
821 3829 920 3882 Comm.
940 3828 1062 3881 Momms..
1082 3828 1186 3895 113621
1206 3829 1371 3896 „Vitruviua
1390 3831 1469 3883 homo

294 3897 410 3966 simplex
435 3903 462 3952 et
486 3899 514 3951 in
533 3899 658 3952 aedificiis
677 3899 750 3952 urbis
768 3900 868 3952 Romae
887 3899 1071 3967 nuncupandis
1090 3900 1223 3967 vulgatam
1242 3901 1362 3953 eiusdem
1377 3904 1471 3953 aetatis

290 3969 514 4023 consuetudinem
547 3970 712 4037 amplexus.“
745 3973 836 4039 postea
867 3970 1019 4022 Vitruvium
1052 3975 1223 4023 monumenta
1253 3971 1342 4037 ipsum
1373 3971 1470 4023 vidisse

313 4041 443 4095 rofitetur.

293 4058 311 4108 p
384 4110 412 4181 2)
433 4112 589 4166 Gesehichte
608 4113 654 4165 der
672 4113 747 4166 Rom.
767 4113 829 4166 Litt.
850 4154 856 4167 .
876 4158 883 4170 .
903 4113 945 4166 11¹
965 4130 990 4180 p.
1010 4114 1060 4167 351
1081 4112 1132 4175 (ed.
1151 4110 1188 4179 2.)

385 4184 412 4250 3)
430 4184 463 4237 cf.
483 4183 590 4237 Becker.
634 4182 652 4237 l.
670 4183 688 4236 l.
711 4200 737 4251 p.
763 4184 814 4237 471
844 4199 882 4252 sq.
913 4202 941 4240 n.
965 4185 1026 4252 981,
1053 4184 1106 4251 qui,
1132 4199 1291 4251 quamquam
1316 4182 1471 4236 Vitruvium

291 4254 365 4307 circa
383 4270 483 4378 ἶοοέω
503 4255 537 4377 114
548 4254 690 4377 lscripsisse
710 4258 792 4323 putat,
812 4267 902 4309 tamen
919 4257 947 4307 in
964 4256 1016 4309 hac
1034 4272 1063 4308 re
1081 4271 1134 4308 non
1152 4254 1269 4309 offendit.

405 4330 414 4390 )
460 4325 493 4378 111
523 4368 528 4379 .
560 4368 565 4380 .

1439 4428 1472 4481 2*
