3509 5292
773 500 985 560 „74-

381 674 469 749 Quae
492 695 564 738 cum
588 676 632 737 ita
654 677 718 737 sint
740 681 771 738 et
790 673 904 737 Dionis
928 675 1023 738 verba
1047 694 1111 737 non
1135 694 1260 756 semper
1284 674 1381 737 nimis
1398 693 1459 737 esse

291 783 463 865 premenda
487 802 584 865 supra
607 783 790 859 viderimus
814 781 894 843 nihil
918 782 1046 845 videtur
1069 782 1201 860 obstare,
1225 783 1303 863 quin
1326 780 1459 843 Vitruvii

290 889 396 951 locum
421 889 459 951 ad
480 889 684 972 Papirianum
708 888 861 972 templum
883 888 1059 951 referamus
1077 895 1173 971 atque
1191 886 1305 951 Dionis
1326 888 1366 950 de
1384 908 1461 950 novo

297 997 414 1078 templo
446 994 542 1058 verba
570 1015 641 1058 oum
671 994 949 1077 Degeringi034)
981 996 1027 1076 (cf.
1050 1015 1080 1077 p.
1105 997 1135 1076 9)
1164 997 1209 1057 ita
1237 995 1462 1077 intellegamus,

291 1108 326 1165 ut
349 1104 411 1164 iarn
434 1102 514 1164 illud
539 1102 694 1184 dipterum
714 1102 813 1164 fuisse
832 1104 1033 1184 septuaginta
1051 1122 1109 1165 sex
1127 1103 1350 1164 columnarum
1374 1108 1463 1182 atque

291 1210 475 1291 Augustum
490 1208 708 1287 fundamento,
726 1209 834 1287 forma,
854 1209 946 1290 spatii
963 1208 1168 1290 dispositione
1183 1210 1316 1291 integris
1336 1208 1463 1271 servatis

291 1318 463 1379 exteriores
494 1321 598 1398 partes
629 1314 773 1393 aedificii,
806 1322 937 1395 crustas,
970 1315 1142 1393 columnas,
1174 1316 1309 1395 fastigia,
1343 1315 1461 1390 similia,

291 1442 373 1504 quae
396 1425 464 1486 sine
488 1422 584 1485 dubio
608 1441 650 1485 ex
677 1421 741 1484 toto
766 1427 928 1485 exstructa
958 1428 1055 1497 erant,
1086 1440 1104 1484 e
1127 1441 1283 1484 marmore
1306 1422 1462 1484 faciendas

291 1536 386 1612 atque
409 1531 456 1592 sic
479 1549 547 1591 eam
572 1529 679 1591 aedem
704 1528 958 1610 magnificentius
982 1538 1012 1591 et
1035 1528 1154 1591 lautius
1177 1549 1273 1610 quani
1294 1537 1390 1591 antea
1407 1528 1461 1591 fuit

290 1636 497 1699 excolendam
521 1638 681 1698 curavisse
704 1636 890 1698 iudicemus

380 1741 468 1816 Quae
492 1744 648 1805 sententia
666 1761 737 1805 oum
757 1743 1023 1823 argumentationi
1044 1761 1132 1805 meae
1151 1744 1270 1824 optime
1289 1742 1461 1821 conveniat,

291 1855 395 1911 tamen
426 1848 616 1911 Studniczka
646 1868 695 1911 me
726 1854 834 1911 monet
867 1849 1034 1911 abhorrere
1069 1868 1139 1911 earn
1169 1850 1208 1911 ab
1238 1850 1461 1911 architecturae

289 1955 508 2019 Romanorum
548 1958 687 2035 scientia,
730 1955 854 2038 quatem
889 1958 1049 2019 consecuti
1089 1975 1200 2019 sumus
1241 1974 1284 2019 ex
1323 1958 1460 2037 ipsorum

289 2069 577 2143 monumentorum,
609 2081 691 2144 quae
720 2063 761 2124 ad
792 2082 849 2124 nos
879 2081 1061 2145 pervenere,
1092 2070 1239 2125 accurata
1269 2063 1459 2144 cognitione;

290 2170 406 2231 etenim
437 2177 603 2252 postquam
627 2168 762 2231 Romani
794 2171 898 2251 priore
928 2170 1011 2231 tertii
1038 2190 1064 2232 a.
1089 2168 1159 2232 Chr.
1183 2169 1301 2232 saeculi
1334 2169 1460 2231 dimidio

290 2275 424 2359 Magnae
449 2295 531 2357 quae
556 2277 671 2338 dicitur
691 2276 839 2339 Graeciae
865 2277 959 2340 urbes
981 2276 1041 2339 sub
1057 2282 1246 2358 ‘potestatem
1265 2296 1357 2338 suam
1378 2276 1460 2337 rede-

288 2392 412 2463 gerunt,
430 2402 470 2444 ex
487 2383 541 2443 1110
559 2382 687 2445 demum
704 2390 845 2464 tempore
861 2385 1099 2446 architecturam
1116 2382 1269 2446 Graecam
1285 2384 1461 2445 accuratius

288 2495 507 2571 cognoverunt
523 2501 554 2551 et
570 2491 601 2551 in
621 2490 744 2571 templis
762 2508 891 2571 quoque
907 2489 1109 2553 aedificandis
1123 2492 1239 2552 imitari
1254 2489 1459 2564 studuerunt,

289 2598 385 2677 atque
416 2615 457 2657 ex
488 2596 676 2678 templorum
707 2596 860 2677 reliquiis,
891 2615 973 2677 quae
1004 2598 1106 2659 adhue
1135 2604 1279 2659 servatae
1310 2603 1342 2659 et
1371 2598 1461 2659 tertio

289 2722 314 2763 a.
341 2700 412 2764 Chr.
436 2702 565 2765 saeculo
589 2705 721 2765 exeunti
744 2703 794 2765 vel
818 2704 909 2766 alteri
932 2705 1056 2765 ineunti
1080 2702 1267 2766 tribuendae
1290 2710 1375 2783 sunt,
1406 2705 1461 2764 im·

289 2810 399 2891 primis
430 2828 483 2872 eos
514 2828 588 2871 usos
619 2829 686 2872 esse
717 2817 844 2891 apparet
875 2811 930 2872 illo
956 2818 1095 2892 tempore
1122 2810 1272 2893 peripteri
1301 2810 1460 2872 schemate

288 2918 457 2979 coniuncto
482 2917 641 2994 interdum
666 2935 737 2978 eum
763 2916 873 2982 forma.
898 2937 962 2998 qua
981 2927 1071 2979 antea
1093 2917 1210 2998 templa
1228 2921 1460 2995 exstruxerant,

289 3023 509 3101 100001110035)
565 3022 627 3085 Sed
657 3023 769 3105 dipteri
805 3024 907 3085 forma
941 3024 1040 3085 multo
1071 3023 1285 3105 splendidiore
1315 3032 1348 3085 et
1379 3042 1460 3085 sum-

291 3130 505 3211 011100101031)
530 3147 583 3191 eos
602 3131 664 3189 iarn
684 3131 815 3192 ineunte
834 3131 925 3192 tertio
944 3151 970 3192 a.
991 3130 1060 3193 Chr.
1080 3130 1205 3192 saeculo
1224 3148 1299 3192 usos
1318 3149 1389 3193 esse
1408 3131 1462 3190 vix

288 3238 403 3317 poterit
426 3235 562 3317 probari,
588 3254 659 3297 cum
684 3255 788 3317 neque
813 3237 933 3299 divitiis
956 3237 1033 3299 urbs
1057 3237 1111 3299 illo
1135 3244 1275 3318 tempore
1298 3243 1461 3319 tantopere

288 3341 473 3419 abundaret,
502 3348 537 3403 ut
567 3349 685 3403 certare
715 3352 822 3423 posset
851 3364 924 3406 cum
948 3345 1111 3407 ditissimis
1136 3345 1231 3405 Asiae
1254 3342 1398 3425 urbibus,
1428 3345 1459 3404 in

289 3448 406 3530 quibus
423 3449 487 3509 fere
504 3449 579 3509 solis
596 3450 828 3530 antiquioribus
846 3451 1042 3532 temporibus
1057 3451 1194 3531 dipteros
1211 3469 1293 3533 quae
1307 3457 1462 3513 vocantur

287 3555 379 3616 aedes
399 3563 576 3616 exstructas
596 3574 664 3617 esse
685 3558 857 3636 constat‚³⁶)
883 3576 988 3638 neque
1012 3559 1140 3619 omnino
1159 3557 1374 3638 cognitionem
1393 3558 1460 3620 eius

288 3660 407 3723 formae
431 3664 494 3722 ianr
519 3670 583 3723 tum
609 3662 648 3723 ad
672 3662 830 3725 Romanos
861 3665 1042 3746 pervenisse
1067 3664 1236 3726 verisimile
1260 3664 1310 3726 sit.
1358 3661 1460 3739 Quare

286 3770 321 3829 in
345 3787 382 3830 00
406 3769 672 3849 acquiescendum
697 3771 764 3847 erit,
788 3778 823 3832 ut
845 3770 982 3832 Vitruvii
1007 3770 1103 3832 verba
1126 3771 1166 3832 ad
1185 3789 1299 3832 novam
1319 3770 1458 3853 Augusti

287 3875 397 3937 aedem
422 3874 588 3937 referenda
611 3895 679 3938 esse
703 3878 921 3939 concedamus.

377 3980 464 4055 Quae
494 4002 565 4044 oum
598 3984 640 4044 ita
671 3985 741 4062 sint,
773 3985 944 4065 quaeritur,
976 3984 1137 4066 quomodo
1168 3986 1365 4047 conveniant
1387 4004 1456 4048 oum

286 4095 434 4171 tempore,
468 4108 531 4170 quo
565 4088 668 4150 adhue
701 4092 905 4171 argumentis,
946 4100 982 4152 ut
1014 4109 1114 4173 spero,
1155 4090 1239 4152 haud
1272 4092 1457 4172 spernendis

376 4229 420 4296 34)
440 4229 519 4280 P-W.
539 4228 564 4279 V
582 4246 604 4282 0.
626 4229 693 4283 1162
713 4246 733 4282 s.
753 4248 777 4283 1.
797 4232 920 4299 dipteros.

376 4301 420 4367 35)
440 4299 581 4352 Delbriiok.
601 4300 651 4353 Die
667 4302 682 4353 3
697 4302 802 4369 Tempel
817 4320 859 4355 arn
874 4304 924 4355 tor.
940 4302 992 4355 1101.
1008 4320 1032 4370 p.
1049 4304 1081 4353 41
1098 4318 1154 4369 seqq
1166 4333 1198 4340 -
1209 4302 1254 4370 36)
1269 4302 1403 4371 Degering
1413 4300 1454 4354 1.1.
