3509 5292
382 386 489 451 Pauca
513 388 610 453 verba
633 387 777 452 facienda
806 394 882 451 sunt
912 387 952 451 de
982 394 1064 451 terra
1097 394 1128 451 et
1151 409 1236 471 aqua
1259 389 1466 469 mirabilibus,

288 514 373 577 quas
393 494 525 559 Zamae
547 496 690 579 proprias
713 496 811 558 fuisse
832 496 1000 558 Vitruvius
1018 495 1122 558 tradit.
1147 496 1185 577 (3,
1197 498 1239 558 24
1250 498 1307 579 sq).
1339 494 1466 559 Etenim

286 621 366 665 cum
391 600 477 685 apud
500 602 641 665 Plinium
665 603 727 684 (31,
753 603 804 684 15)
836 604 892 685 qui
919 602 1029 665 eadem
1053 602 1147 665 tradit
1169 606 1266 686 atque
1295 601 1467 683 Vitruvius

291 708 397 771 Varro
427 710 618 791 nominetur,
649 728 721 773 cum
752 728 954 773 communem
985 728 1055 773 esse
1081 727 1191 772 eorum
1214 708 1336 773 iontem
1358 709 1469 772 statuit

288 815 454 898 quondam
479 815 618 879 Rosius
648 818 744 898 atque
774 834 815 879 ex
845 816 899 878 illo
923 816 1106 879 Vitruvium
1135 816 1187 879 vel
1215 816 1350 879 verbum
1373 816 1468 898 „ego“

288 922 500 1005 descripsisse
532 923 702 987 contendit.
714 924 765 1003 14¹)
821 921 913 997 Quod
945 924 1014 985 iure
1047 926 1176 1005 negavit
1208 922 1377 1003 oderpe)
1411 922 1468 1005 qui

290 1034 410 1110 monet,
444 1030 503 1093 etsi
526 1031 572 1092 rei
605 1030 709 1112 ipsius
729 1031 873 1091 notitiam
898 1028 1067 1093 Vitruvius
1097 1030 1179 1092 fonti
1203 1030 1328 1093 cuidam
1361 1048 1468 1111 neque

292 1134 452 1199 Numidae
484 1135 571 1199 illius
607 1137 782 1199 narrationi
818 1136 940 1218 debeat,
976 1139 1083 1200 tamen
1114 1136 1286 1200 verborum
1324 1138 1468 1219 ipsorum

288 1242 577 1305 conformationem
610 1244 687 1306 item
721 1244 750 1305 ei
782 1243 982 1306 tribuendam
1015 1262 1085 1306 esse
1117 1246 1211 1327 atque
1244 1248 1468 1322 commentum,

290 1369 359 1431 quo
380 1347 552 1412 Numidam
577 1349 637 1412 sibi
660 1351 737 1413 haec
759 1368 903 1413 narrasse
926 1349 1025 1432 fingit.
1069 1350 1132 1413 Sed
1155 1368 1223 1413 rem
1247 1352 1348 1433 ipsam
1372 1352 1469 1413 inter·

291 1463 465 1538 pretemur.

384 1562 433 1626 De
452 1562 565 1626 Zamae
588 1562 755 1626 moenibus
779 1584 796 1625 a
818 1562 900 1625 Iuba
923 1582 998 1645 rege
1022 1564 1189 1646 duplicatis
1214 1564 1364 1627 convenit
1386 1565 1471 1627 inter

295 1670 480 1732 Vitruvium
512 1676 543 1733 et
567 1675 728 1733 auctorem
752 1670 826 1733 belli
850 1671 993 1733 Africani
1017 1671 1088 1752 (91).
1130 1669 1201 1733 Rex
1224 1670 1278 1733 ille
1300 1672 1361 1733 fuit
1383 1670 1469 1733 Juba

293 1778 425 1859 primus
447 1795 541 1859 quem
552 1776 724 1858 Pompeius
744 1777 904 1859 quondam
923 1780 1008 1859 regis
1027 1779 1156 1840 nomine
1174 1778 1305 1839 donavit
1320 1776 1467 1861 (Appian.

295 1882 404 1945 bell
422 1883 484 1964 83),
508 1884 564 1965 qui
589 1890 734 1946 mortuus
758 1891 805 1947 est
827 1903 912 1946 anno
936 1883 1125 1947 11011146.
1171 1882 1204 1948 O.
1228 1884 1336 1947 Julius
1359 1891 1463 1947 autem

290 1991 388 2052 cuius
408 1990 594 2054 Masinissae
617 1990 702 2053 filius
725 1990 830 2071 fuerit
854 1991 1031 2071 dubitatum
1056 1992 1113 2054 sed
1136 1990 1176 2054 de
1194 1990 1371 2073 Masinissa,
1395 2010 1470 2073 rege

295 2095 475 2179 Numidiae,
507 2098 562 2179 qui
592 2096 675 2160 bello
706 2098 827 2175 Prmico
858 2099 998 2161 secundo
1029 2105 1060 2161 ct
1089 2100 1181 2161 tertio
1211 2119 1229 2161 a
1254 2097 1471 2161 Romanorum

295 2203 440 2286 partibus
464 2205 556 2285 stetit,
581 2206 711 2287 cogitari
734 2205 821 2267 nullo
846 2205 939 2267 modo
963 2211 1074 2288 potest,
1106 2207 1164 2268 etsi
1187 2226 1288 2269 annos
1312 2208 1471 2289 octoginta

291 2328 355 2373 sex
387 2317 482 2373 natus
514 2310 616 2373 filium
650 2330 773 2374 creasse
806 2311 923 2373 dicitur
954 2311 1080 2394 (Polyb.
1106 2314 1156 2393 37,
1191 2315 1231 2374 10
1260 2312 1320 2393 Η.)
1367 2310 1472 2387 Quare

294 2416 422 2479 Galiani
453 2417 613 2499 quondam
639 2420 761 2500 putavit
791 2437 907 2480 nomen
937 2418 1158 2499 „Masinissae“
1188 2423 1373 2502 corruptum
1403 2438 1471 2483 esse

292 2543 338 2586 cx
368 2523 596 2605 „Masinthae“;
630 2524 789 2587 Masintha
821 2527 907 2589 enim
941 2525 1071 2608 quidam
1104 2546 1123 2587 a
1153 2524 1286 2589 Caesare
1319 2527 1471 2589 dictatore

293 2630 451 2694 defensus
476 2638 524 2693 est
547 2637 656 2694 contra
673 2631 888 2715 Hiempsalem
913 2635 944 2695 et
966 2632 1148 2711 Iubam3143)
1173 2633 1227 2695 sed
1251 2652 1356 2716 neque
1379 2633 1469 2695 illum

296 2755 403 2820 neque
438 2736 646 2819 Masinissam,
677 2744 797 2821 patrem
832 2738 1002 2801 Arabionis
1034 2741 1182 2822 (Appian.
1229 2739 1256 2802 b.
1283 2759 1308 2802 c.
1339 2739 1386 2800 IV
1418 2742 1470 2819 54)

295 2843 507 2907 conferendos
526 2864 594 2907 esse
613 2847 737 2907 censuit
755 2848 805 2907 vir
823 2846 936 2908 harum
955 2864 1063 2908 rerum
1085 2848 1295 2930 peritissimus
1319 2847 1471 2928 omnium,

298 2949 579 3032 Mommsenusre)
625 2951 688 3014 Sed
707 2970 780 3014 curn
799 2971 867 3015 rem
887 2972 952 3014 non
975 2953 1097 3036 liquere
1120 2960 1303 3035 stamamus
1327 2953 1472 3017 nondum

298 3058 444 3141 sequitur
467 3058 615 3121 Vitruvio
639 3057 734 3121 fidem
766 3078 832 3121 non
855 3059 1033 3122 habendam
1058 3079 1134 3123 esse.
1183 3060 1262 3123 Utut
1285 3066 1390 3123 autem
1415 3066 1469 3142 est,

296 3164 338 3225 ad
362 3171 495 3246 tempus
520 3185 582 3247 quo
607 3166 776 3247 scripserit,
800 3164 1016 3229 definiendum
1040 3167 1120 3228 nibil
1144 3167 1245 3229 refert.

388 3269 529 3334 Conlatis
548 3272 704 3354 omnibus
731 3292 812 3356 quae
831 3272 870 3335 de
889 3272 984 3336 rebus
1007 3274 1155 3336 historiae
1173 3272 1236 3335 fide
1259 3273 1472 3356 comprobatis

298 3376 403 3440 dicere
428 3396 445 3439 e
473 3396 509 3441 re
540 3398 607 3442 esse
637 3380 715 3441 mihi
745 3379 922 3459 videbatur,
952 3382 1013 3442 iam
1045 3386 1169 3442 transeo
1200 3380 1238 3442 ad
1268 3382 1472 3463 antiquitates

303 3484 542 3565 perlustrandas.

309 3609 312 3614 ’
390 3592 439 3652 Ac
461 3592 598 3673 primum
624 3591 751 3675 quidem
774 3594 873 3655 iuris
897 3594 995 3656 sacri
1019 3598 1219 3676 praecepta
1250 3596 1472 3676 cognoscimus

305 3696 334 3756 in
358 3698 412 3778 eis,
446 3717 527 3779 quae
551 3697 719 3762 Vitruvius
750 3700 827 3761 dicit
857 3701 896 3764 de
925 3702 1056 3780 ratione,
1088 3718 1170 3782 quae
1193 3699 1366 3764 intercedat
1388 3702 1473 3764 inter

391 3873 452 3942 141)
471 3874 606 3926 Anecdota
624 3875 723 3927 Graeca
741 3876 769 3926 et
787 3874 967 3927 Graecolatina
985 3874 998 3927 I
1018 3893 1041 3941 p.
1061 3876 1086 3929 9.
1100 3906 1134 3913 —
1154 3874 1215 3943 142)
1234 3874 1252 3927 l.
1271 3874 1288 3929 l.
1308 3893 1333 3942 p.
1353 3877 1413 3929 351.

391 3944 452 4011 143)
472 3944 545 3999 Suet.
565 3944 638 3999 Caes.
658 3947 700 3997 71.
741 3946 875 3998 Drumann
895 3945 971 4001 R.-G.
991 3945 1032 3998 Ill
1052 3946 1111 4000 185.

391 4016 452 4084 144)
471 4016 584 4069 Hermes
602 4016 658 4069 XX
677 4035 702 4084 p.
723 4017 801 4069 145³.
