3509 5292
811 536 1023 594 ..16-

332 713 549 791 unterstiitzte,
569 729 634 772 was
653 711 704 772 ihr
722 708 954 790 Schriftsteller,
974 710 1034 771 wie
1052 728 1078 771 z.
1090 709 1125 772 B.
1145 707 1381 784 Athenodorus,
1406 707 1509 771 durch

331 818 508 899 Widmung
530 819 615 881 ihrer
638 816 795 881 Schriften
819 816 979 879 dffentlich
1003 816 1149 879 danhten.

421 941 470 1003 En
490 942 585 1005 habes
604 942 794 1025 exemplum,
814 960 911 1023 quam
930 947 1049 1003 temere
1068 939 1214 1002 nonnulli
1230 939 1416 1001 Vitruvium
1438 931 1507 1002 Tito

332 1048 431 1111 libros
454 1068 528 1112 suos
551 1050 789 1131 nuncupavisse
808 1048 930 1126 dicant3
956 1054 991 1109 ut
1009 1047 1264 1129 praetermittam,
1290 1046 1375 1127 quod
1401 1046 1508 1108 omnia

333 1176 376 1234 ea,
402 1175 484 1238 quae
504 1155 673 1218 Vitruvius
694 1155 733 1218 de
756 1157 902 1218 restituto
927 1155 1059 1236 imperio
1084 1153 1279 1235 reliquisque
1302 1152 1400 1215 rebus
1424 1153 1506 1234 dicit

332 1270 478 1326 accurate
509 1262 689 1325 examinata
719 1264 752 1324 in
775 1260 836 1324 Titi
866 1267 1001 1323 aetatem
1025 1280 1088 1322 non
1114 1260 1279 1341 quadrant,
1311 1258 1506 1341 Vespasiano

332 1372 451 1432 scimus
474 1388 570 1432 unam
594 1368 695 1432 fuisse
723 1367 821 1430 filiam
853 1369 981 1429 nomine
1004 1365 1208 1446 Domitillam,
1240 1386 1335 1448 quam
1366 1368 1507 1449 privatus

333 1477 438 1539 amisit
456 1475 552 1555 (Suet.
566 1475 656 1557 Vesp.
672 1476 720 1557 3);
742 1493 841 1557 quare
858 1475 956 1554 Titus,
976 1493 1050 1537 cum
1068 1474 1239 1556 imperator
1257 1479 1348 1554 esset,
1367 1492 1505 1536 sororem

333 1602 399 1645 non
417 1583 535 1645 habuit.
573 1582 634 1645 Sed
653 1583 713 1645 hoo
736 1587 958 1664 argumentum
978 1588 1014 1644 nt
1032 1582 1134 1643 levius
1154 1580 1256 1643 obiter
1273 1583 1398 1643 tantum
1423 1599 1506 1642 com-

334 1708 510 1752 memorare
528 1690 629 1768 volui3
654 1690 807 1751 accedunt
830 1688 891 1751 alia
913 1689 1067 1770 graviora,
1093 1705 1173 1770 quae
1192 1693 1299 1770 postea
1319 1687 1506 1751 videbimus.

334 1794 439 1871 Quare
462 1813 638 1880 pergamus.

423 1901 521 1984 „Cum
541 1922 615 1986 ergo
635 1921 672 1966 eo
691 1901 846 1966 beneficio
866 1920 967 1965 essem
985 1901 1149 1983 obligatus,
1171 1906 1205 1962 ut
1224 1899 1263 1962 ad
1282 1901 1406 1963 exitum
1425 1901 1507 1962 vitae

333 2030 398 2073 non
423 2009 570 2073 haberem
602 2011 727 2092 inopiae
750 2011 904 2090 timorem,
936 2009 1014 2071 haec
1044 2008 1101 2070 tibi
1132 2007 1270 2071 scribere
1293 2009 1391 2090 coepi,
1423 2006 1507 2088 quod

333 2118 543 2180 animadverti
576 2116 676 2178 multa
706 2122 736 2179 te
765 2116 982 2178 aedificavisse
1009 2121 1041 2177 et
1067 2134 1154 2177 nune
1182 2113 1354 2193 aedificare,
1382 2114 1508 2195 reliquo

332 2243 463 2307 quoque
487 2230 628 2306 tempore
652 2229 682 2285 ct
712 2224 914 2306 publicorum
938 2229 969 2285 et
991 2224 1188 2305 privatorum
1212 2220 1427 2283 aedificiorum
1452 2239 1508 2303 pro

334 2330 543 2413 amplitudine
571 2349 678 2393 reruni
709 2336 878 2412 gestarum,
909 2337 945 2392 nt
975 2330 1111 2412 posteris
1142 2328 1311 2391 nreinoriae
1334 2328 1507 2407 tradantur,

335 2458 442 2500 curam
475 2437 695 2500 habiturum.“'
746 2435 878 2499 Octavia
914 2437 1012 2517 igitur
1048 2435 1320 2497 commendatione
1356 2453 1417 2496 sua
1450 2435 1508 2496 hoe

336 2544 461 2606 videtur
489 2546 675 2627 impetrasse
703 2543 741 2605 ab
766 2541 948 2617 Octaviano,
978 2548 1014 2605 ut
1037 2542 1204 2604 commoda
1226 2540 1288 2621 illa,
1321 2540 1359 2603 de
1391 2540 1509 2623 quibus

335 2651 480 2733 loquitur
496 2671 525 2732 p.
538 2653 566 2732 2,
578 2652 605 2731 6,
626 2650 675 2713 vel
694 2668 886 2733 parseorunr
901 2650 1047 2712 Vitruvio
1066 2668 1169 2731 usque
1189 2649 1245 2730 „ad
1266 2649 1389 2710 exitum
1409 2649 1509 2711 vitae‘

335 2757 615 2839 praeberentur,¹⁸)
641 2776 747 2839 neque
770 2777 789 2819 a
811 2755 1087 2819 verisimilitudine
1109 2758 1202 2837 longe
1226 2754 1455 2836 aberrabimus,
1482 2756 1508 2817 si

336 2862 478 2927 dicemus
494 2882 566 2926 eum
582 2865 769 2946 priusquam
782 2864 921 2926 scribere
932 2864 1087 2945 inciperet
1102 2880 1235 2925 munere
1249 2880 1318 2925 sese
1332 2861 1508 2938 abdicasse;

336 2971 450 3033 etenim
468 2971 551 3052 quod
567 2969 758 3050 Lucretium,
775 2968 968 3049 Ciceronem,
977 2970 1154 3031 Varronem
1170 2977 1206 3031 ut
1224 2968 1373 3050 aequales
1391 2987 1509 3032 memo-

274 3100 276 3103 *
335 3083 385 3140 rat
407 3076 466 3153 (IX
491 3076 587 3159 praef.
610 3079 670 3157 17),
695 3097 767 3140 cum
791 3078 868 3140 haec
891 3078 1023 3160 scripsit,
1047 3077 1273 3157 sexagenarius
1295 3075 1360 3138 fere
1385 3076 1511 3138 videtur

253 3183 257 3190 '
335 3184 445 3264 fuisse,
475 3190 571 3265 atque
601 3185 669 3265 ipse
700 3204 733 3246 se
764 3191 865 3247 aetate
895 3190 1078 3266 provectum
1110 3181 1276 3266 profitetur
1307 3182 1351 3261 (ll
1375 3181 1453 3264 prai.
1478 3185 1508 3258 4)

337 3310 409 3353 curn
434 3291 526 3353 dicit:
551 3290 679 3370 „faeiem
699 3290 887 3353 deformavit
905 3298 998 3371 aetaS,
1018 3290 1169 3353 valetudo
1189 3290 1327 3351 detraxit
1349 3289 1510 3368 vinea.“¹⁴)

337 3394 443 3471 Quare
471 3398 634 3479 probabile
662 3405 709 3460 est
737 3416 809 3460 eum
835 3418 853 3460 a
875 3397 1038 3460 laboribus
1063 3405 1093 3459 et
1115 3396 1231 3459 sudore
1255 3395 1385 3458 militiae
1408 3414 1509 3459 reces-

336 3505 414 3567 sisse
438 3511 533 3586 atque
557 3523 683 3567 senem
714 3512 837 3568 tantum
860 3504 951 3568 libris
975 3505 1015 3567 de
1038 3504 1248 3566 architectura
1272 3503 1510 3566 conscribendis

337 3620 368 3673 et
382 3611 541 3674 interdum
557 3611 709 3675 aedificiis
728 3612 938 3692 exstruendis,
956 3630 996 3674 ne
1012 3630 1142 3694 prorsus
1156 3609 1338 3690 a„labrica“
1355 3609 1397 3691 (p.
1409 3610 1439 3691 2,
1454 3608 1510 3690 20)

338 3715 519 3798 abstineret,
545 3736 673 3800 operam
698 3717 822 3781 dedisse
846 3720 887 3800 (p.
915 3719 1046 3797 106,13
1071 3719 1128 3799 sq).

427 3840 518 3916 Quod
534 3842 704 3905 Vitruvius
723 3843 800 3905 dicit
813 3842 971 3924 „scribere
990 3843 1068 3905 haec
1086 3844 1174 3925 coepi
1194 3842 1279 3925 quod
1299 3842 1510 3905 animadverti

339 3948 482 4012 multat
470 3954 501 4011 te
531 3948 808 4013 aedificavisset
777 3957 808 4013 et
838 3969 925 4012 nunc
955 3949 1140 4012 aedificare“
1171 3968 1195 4011 e
1220 3968 1249 4030 q.
1273 3968 1306 4023 s,
1336 3948 1434 4011 huius
1463 3949 1510 4011 rei

341 4145 344 4150 ’
428 4126 471 4189 13)
490 4125 522 4177 de
541 4124 653 4193 panibus
672 4124 833 4193 civilibus(„
835 4123 959 4178 Pensiou‘
961 4126 979 4192 )
1000 4124 1156 4179 Aloiatus
1166 4140 1271 4191 quoqne
1288 4123 1347 4176 iure
1366 4124 1489 4191 peritus
1483 4139 1509 4175 in

337 4196 455 4264 parergis
482 4196 546 4248 iuris
574 4195 688 4263 loquitur
715 4196 841 4263 (Operum
869 4196 941 4248 Tom
957 4195 1006 4248 IV
1034 4195 1095 4247 edit
1124 4195 1193 4249 1582
1222 4214 1246 4263 p
1272 4194 1391 4298 hillini
1392 4192 1509 4249 .Poleni

338 4266 1037 4397 exereiltlivldterdlbeiefiblibalsbobbbnsoh1d3189i
1056 4337 1105 4391 col
1126 4338 1177 4391 779
1196 4353 1226 4404 sq
