3509 5292
775 530 989 592 ..69-

382 708 490 789 Atque
510 709 537 769 si
557 709 747 790 quaerimus,
772 727 836 789 quo
855 708 920 770 fere
939 711 1256 789 temporeAugustus
1275 708 1334 769 hoc
1352 708 1467 787 fecerit7

294 816 431 896 primum
454 813 626 876 tenendum
650 822 697 876 est
720 815 779 877 hoc
803 834 865 876 non
889 814 1007 876 factum
1031 833 1100 877 esse
1124 821 1201 892 tum,
1232 834 1305 877 cum
1330 814 1466 876 edictum

293 920 372 983 illud
397 922 435 982 de
459 921 625 983 altitudine
650 920 863 983 aedificiorum
875 923 915 1001 16)
945 923 1115 1001 constituit,
1146 921 1233 1004 quod
1262 928 1347 984 recte
1369 922 1468 1002 vulgo

291 1029 435 1090 conferre
459 1029 560 1091 solent
582 1047 655 1089 cum
680 1028 812 1108 vigilum
837 1037 956 1109 septem
980 1028 1163 1091 cohortibus
1190 1047 1275 1090 anno
1298 1049 1326 1110 p.
1352 1027 1422 1090 Chr.
1448 1029 1467 1089 o

292 1136 454 1197 institutis
501 1134 602 1196 Immo
628 1135 825 1197 manifestum
852 1142 899 1196 est
923 1135 981 1197 hoo
1007 1135 1107 1197 multo
1131 1136 1221 1217 prius
1243 1136 1359 1197 factum
1383 1152 1466 1210 esse3

293 1240 325 1302 id
351 1243 446 1303 etiam
469 1240 618 1321 Voigtius
643 1247 727 1303 recte
751 1240 889 1319 vidit1⁷);
927 1242 981 1303 scd
1006 1242 1100 1323 paulo
1123 1242 1273 1308 audacius
1297 1241 1468 1303 affirmavit

290 1368 376 1409 anno
401 1368 428 1430 p.
449 1345 519 1409 Chr.
541 1348 559 1408 6
584 1347 685 1430 legem
709 1347 823 1409 lutiam
848 1348 887 1409 de
911 1348 1004 1410 modo
1029 1348 1244 1411 aedificiorum
1270 1348 1364 1410 latam
1388 1366 1467 1410 esse.

292 1454 374 1516 Nam
400 1455 500 1536 legem
525 1454 617 1516 talem
641 1454 739 1516 fuisse
763 1473 921 1535 nusquam
946 1455 1133 1536 legimusffss)

382 1565 467 1623 Ante
489 1580 626 1643 pugnam
654 1562 813 1623 Actiacam
836 1562 1019 1644 Augustum
1051 1562 1090 1623 ad
1113 1560 1300 1623 aedificandi
1329 1563 1362 1623 in
1387 1561 1467 1624 urbe

293 1670 447 1729 rationem
471 1669 613 1730 animum
637 1669 809 1730 advertisse
832 1670 938 1731 minus
958 1676 1004 1731 est
1023 1670 1210 1746 verisimile3
1235 1688 1308 1730 nam
1326 1676 1394 1731 tum
1418 1671 1468 1731 ni-

291 1776 352 1835 mis
377 1783 443 1837 erat
466 1784 638 1856 occupatus
666 1776 700 1835 in
724 1774 820 1837 rebus
843 1777 983 1837 externis
1007 1776 1238 1838 constituendis
1268 1782 1363 1857 atque
1387 1795 1468 1838 non-

292 1882 380 1942 nulla
404 1889 526 1944 tanturn
552 1881 693 1944 aedificia
715 1882 843 1963 publica
865 1883 1026 1944 incohavit
1050 1884 1089 1964 (p.
1111 1884 1151 1944 16
1172 1883 1230 1963 sq).
1276 1881 1363 1956 Quae
1382 1901 1466 1943 anno

289 1987 453 2050 aeneae
478 1991 548 2070 post
571 1988 690 2050 bellum
714 2008 785 2050 cum
810 1987 883 2051 Sex.
895 1989 1043 2071 Pompeio
1067 1989 1200 2051 feliciter
1223 1999 1346 2070 gestum
1365 1989 1467 2051 edixit

290 2094 501 2176 (11104916)
525 2096 564 2156 ad
588 2095 749 2176 publicam
768 2095 880 2157 ltaliae
903 2097 1037 2158 salutem
1062 2116 1080 2157 a
1105 2095 1280 2157 latronibus
1300 2095 1464 2156 tutandam

292 2201 498 2282 pertinebant.
550 2200 613 2264 801
641 2202 722 2263 bello
751 2222 825 2264 cum
848 2203 990 2265 Antonio
1022 2220 1171 2284 prospere
1200 2201 1340 2264 confecto
1370 2212 1466 2283 atque

275 2307 387 2370 ¹rebus
424 2310 630 2390 Aegyptiacis
667 2310 785 2389 pacatis
821 2315 987 2392 postquam
1026 2308 1159 2372 Romam
1199 2328 1344 2371 reversus
1382 2327 1465 2370 anno

289 2435 317 2477 a.
343 2413 413 2476 Chr.
439 2416 480 2476 29
505 2416 721 2496 triumphavit,
751 2425 819 2478 tum
843 2417 881 2477 ad
905 2436 955 2478 res
980 2417 1168 2479 domesticas
1198 2435 1271 2479 cum
1295 2416 1373 2477 alias
1397 2423 1465 2477 tum

291 2523 392 2604 ipsius
425 2521 509 2583 urbis
541 2522 732 2584 ordinandas
763 2542 888 2585 summo
919 2524 1024 2586 studio
1055 2524 1242 2607 properavit.
1295 2525 1405 2603 Atque
1430 2527 1467 2584 ut

289 2629 345 2708 eis,
378 2630 433 2711 qui
464 2638 494 2690 et
524 2637 596 2691 ante
628 2645 700 2691 eum
725 2637 848 2712 etpost
874 2648 946 2692 eum
971 2631 1188 2712 reipublicae
1215 2628 1391 2711 praefuere,
1420 2629 1466 2690 ita

292 2741 448 2817 Augusto,
480 2736 554 2798 dum
586 2735 625 2797 ad
655 2737 871 2817 gubernacula
895 2738 940 2797 rei
963 2737 1110 2818 publicae
1133 2736 1229 2815 sedet,
1260 2736 1340 2797 nihil
1364 2737 1465 2817 magis

288 2842 378 2904 cordi
416 2842 513 2926 fuisse
552 2844 635 2905 inter
673 2862 781 2905 omnes
819 2850 940 2905 constat
979 2863 1075 2925 quam
1113 2842 1191 2905 duas
1228 2862 1287 2924 res,
1327 2844 1464 2925 primum

291 2958 327 3011 ut
343 2948 506 3011 Romanos
526 2970 544 3012 a
563 2950 627 3011 vita
647 2950 765 3012 caelibe
789 2953 820 3012 et
842 2951 963 3012 incesta
987 2950 1158 3012 deterreret
1177 2959 1273 3031 atque
1292 2950 1335 3011 ita
1353 2968 1464 3011 eorum

290 3075 461 3118 numerum
499 3058 562 3118 iam
599 3066 665 3119 tum
703 3057 935 3119 decrescentem
972 3061 1109 3137 augeret,
1148 3056 1261 3118 deinde
1298 3061 1335 3117 ut
1366 3057 1463 3117 vitam

288 3181 401 3225 eorum
426 3164 509 3224 intra
532 3164 674 3245 ipsorum
704 3164 839 3244 parietes
863 3183 881 3224 a
903 3164 1007 3225 ruinis
1038 3169 1068 3225 et
1090 3164 1246 3225 incendiis
1276 3162 1465 3224 defenderet.

289 3268 380 3344 Quae
404 3271 486 3332 duae
509 3288 559 3331 res
583 3276 619 3331 ut
637 3288 759 3352 semper
778 3271 966 3332 coniunctae
985 3290 1004 3332 a
1023 3269 1230 3352 scriptoribus
1250 3279 1465 3332 memorantur

288 3377 345 3457 (cf.
370 3376 454 3439 Suet.
480 3380 562 3457 Aug.
588 3377 639 3457 89)
671 3378 715 3437 ita
745 3376 855 3439 eodem
885 3383 1025 3459 tempore
1055 3378 1089 3438 in
1120 3378 1165 3439 eis
1196 3382 1368 3458 occupatus
1398 3385 1466 3438 erat

288 3485 468 3565 imperator.
514 3485 614 3565 Atqui
638 3503 721 3545 anno
746 3504 771 3545 a.
797 3481 867 3545 Chr.
892 3484 933 3545 29
958 3502 1069 3546 censor
1091 3484 1192 3546 tactus
1215 3490 1263 3546 est
1286 3485 1463 3565 Augustus,

290 3608 387 3671 penes
418 3609 513 3671 quem
544 3600 574 3653 et
604 3587 728 3653 diorum
758 3591 901 3671 regimen
933 3597 964 3652 et
991 3589 1205 3652 aedificiorum
1230 3609 1340 3652 curam
1363 3589 1464 3652 fuisse

291 3715 383 3758 nemo
414 3698 545 3778 ignorat.
593 3701 700 3779 Atque
731 3698 791 3759 hoc
821 3717 905 3759 anno
936 3698 1038 3778 legent
1063 3695 1176 3758 Iuliam
1209 3698 1247 3758 de
1277 3696 1464 3758 maritandis

290 3802 456 3866 ordinibus
486 3811 540 3865 aut
571 3816 783 3898 praeparatam
816 3805 872 3865 aut
902 3804 998 3866 latam
1023 3822 1091 3865 esse
1114 3809 1244 3865 constat.
1258 3806 1294 3881 19)
1340 3802 1463 3865 Eodem

289 3916 394 3972 autem
420 3930 503 3971 anno
524 3918 554 3971 et
572 3912 753 3992 insequenti
772 3910 871 3972 multa
890 3908 1032 3972 aedificia
1049 3913 1215 3991 Augustus
1234 3919 1289 3971 aut
1308 3910 1464 3972 dedicavit

381 4050 423 4114 16)
443 4051 536 4103 Strabo
554 4050 580 4101 V
598 4052 622 4114 3,
643 4052 658 4101 7
679 4067 702 4118 p.
722 4049 782 4103 235.
821 4050 928 4103 Gardth.
948 4049 964 4103 l.
984 4048 1001 4102 l.
1021 4049 1065 4103 ΙΙ2
1082 4067 1108 4118 p.
1128 4050 1205 4104 565⁸.

381 4122 423 4185 17)
444 4122 518 4173 Rom.
538 4122 728 4174 Privataltertl
747 4140 772 4189 p.
791 4123 852 4175 453.

381 4193 423 4261 18)
444 4193 483 4245 Ex
498 4191 633 4246 Strabonis
647 4192 734 4245 verbis
754 4197 780 4246 et
794 4193 910 4246 Suetonii
929 4192 985 4245 loco
1004 4192 1207 4260 supralaudato
1227 4195 1304 4262 (Aug.
1318 4191 1362 4260 89)
1382 4191 1462 4245 nimis

287 4263 384 4317 leviter
403 4264 451 4316 hoc
471 4264 583 4331 colligas,
621 4264 745 4317 Ceterum
765 4264 800 4318 cf.
819 4280 844 4331 p.
864 4264 906 4317 66.
927 4281 952 4317 n.
973 4266 997 4319 7.

380 4335 423 4400 19)
443 4336 598 4389 Mommsen.
637 4335 708 4390 8.-Β.
728 4336 775 4388 der
793 4334 864 4388 Berl.
884 4336 967 4393 Altad,
987 4335 1056 4389 1889
1076 4353 1101 4403 p.
1121 4336 1163 4389 33.
