3509 5292
797 560 1009 622 ..20-

314 735 405 797 vium
430 743 515 798 ante
539 754 674 798 annum
700 737 740 798 31
771 736 885 799 verba
912 712 981 799 illa
1009 735 1225 801 docereris
1253 737 1346 800 aede
1369 740 1496 820 scrip-

315 842 414 905 sisse
443 844 618 921 statuimus,
648 862 721 905 oum
752 845 915 906 etiamtum
946 844 1000 906 illa
1022 843 1141 906 Romae
1165 850 1311 908 exstaret.
1357 843 1408 907 Ne
1431 846 1495 907 hoe

315 946 445 1030 quidem
469 949 696 1031 neglegendum
722 968 789 1012 esse
813 949 956 1026 arbitror,
981 950 1066 1031 quod
1091 958 1214 1013 constet
1233 954 1380 1033 Augusto
1399 970 1495 1014 sena·

316 1060 368 1117 tus
392 1055 515 1118 decreto
539 1075 622 1118 auno
646 1076 671 1118 a.
692 1055 762 1118 Chr.
783 1057 825 1119 98
845 1057 962 1139 templa
981 1056 1149 1119 reficienda
1168 1057 1270 1119 delata
1291 1056 1388 1136 (Mon.
1409 1060 1494 1121 Ano,

314 1181 342 1244 p.
369 1162 410 1224 86
435 1161 478 1241 Μ)
502 1168 533 1225 et
557 1161 677 1225 Cereris
700 1163 809 1226 aedem
834 1182 918 1225 anno
943 1164 1068 1225 demum
1096 1184 1125 1246 p.
1149 1162 1219 1226 Cbr.
1239 1159 1284 1226 '17
1310 1164 1488 1227 dedicatam

314 1286 393 1348 esse,
423 1268 509 1331 unde
538 1269 647 1351 aliqua
677 1287 750 1331 cum
781 1269 1000 1352 probabilitate
1030 1271 1178 1351 colligere
1200 1270 1348 1333 videmur
1377 1270 1489 1333 aedem

315 1394 377 1437 non
402 1376 498 1458 paulo
522 1383 592 1459 post
616 1378 667 1456 28,
691 1377 745 1439 sed
774 1378 925 1439 extremis
948 1378 1086 1459 Augusti
1110 1378 1202 1439 anuis
1230 1376 1316 1439 refici
1344 1385 1486 1460 coeptam

313 1501 392 1561 esse,
416 1489 451 1544 ut
475 1483 532 1544 vix
556 1485 724 1565 quisquam
750 1483 885 1565 probare
903 1486 1002 1565 possit
1020 1502 1089 1545 eam
1114 1503 1197 1545 anuo
1220 1504 1247 1545 a.
1268 1482 1338 1547 Chr.
1360 1485 1402 1546 14
1425 1486 1490 1546 iam

230 1616 240 1641 ··
313 1589 459 1651 refectam
483 1588 588 1652 fuisse.

401 1712 524 1775 Deinde
555 1714 638 1795 quod
672 1714 837 1776 Vitruvius
866 1734 896 1796 p.
926 1715 976 1791 69,
1011 1715 1059 1794 19,
1088 1720 1124 1777 ut
1153 1715 1301 1796 peripteri
1332 1715 1489 1778 rationem

313 1820 460 1902 exemplo
483 1819 627 1883 Romano
655 1820 800 1900 illustret,
831 1823 940 1883 aedem
973 1822 1009 1882 in
1040 1822 1192 1903 porticu
1226 1819 1369 1883 Metelli
1399 1819 1492 1884 Iovis.

312 1925 446 1989 Statoris
477 1925 667 1989 Hermodori
706 1935 941 2006 commemorat,
978 1928 1052 1990 inde
1089 1929 1224 1990 alterum
1261 1929 1484 2008 gravissimum

312 2041 536 2116 argumentum
556 2035 625 2115 oapi
645 2053 737 2117 posse
756 2033 893 2097 arbitror
911 2034 948 2096 ad
970 2040 1102 2117 tempus,
1122 2053 1185 2116 quo
1204 2034 1243 2096 de
1262 2052 1298 2096 ea
1317 2035 1491 2116 scripserit,

314 2138 537 2203 definiendum.
590 2140 716 2203 Etenim
749 2161 805 2223 pro
837 2149 922 2204 certo
954 2140 1108 2204 habemus
1140 2142 1175 2202 in
1208 2142 1312 2203 locum
1345 2142 1492 2223 porticus-

312 2246 430 2310 Metelli
460 2254 566 2329 postea
594 2248 749 2328 porticum
776 2245 925 2310 Octaviae
953 2247 1158 2311 substitutam
1187 2229 1291 2329 neque
1314 2247 1404 2329 prius
1427 2248 1492 2310 boo·

310 2353 427 2416 factum
457 2372 526 2416 esse
554 2364 647 2434 qutun
678 2373 761 2417 anno
787 2372 812 2415 a.
838 2353 908 2416 Chr.
933 2355 1007 2433 33⁶)
1035 2360 1105 2436 post
1127 2354 1246 2416 bellum
1271 2352 1483 2416 Delmaticum

310 2460 496 2523 confectum.
541 2461 640 2542 Atqui
663 2479 734 2523 cum
755 2459 924 2523 Vitruvius
948 2462 1007 2524 hoc
1025 2460 1183 2541 scriberet,
1207 2460 1345 2543 porticus
1364 2459 1487 2523 Metelli-

311 2568 473 2629 etiamtum
497 2564 615 2629 Romae
643 2567 788 2630 exstabat
816 2568 952 2630 necdum
980 2568 1122 2649 porticus
1146 2564 1293 2629 Octaviae
1324 2568 1393 2629 eius
1416 2568 1490 2629 loeo·

311 2674 481 2735 constituta
500 2679 684 2755 e1·at,quam
706 2674 744 2737 ab
764 2676 832 2757 ipso
849 2676 995 2757 Augusto
1010 2673 1205 2737 aedificatam
1221 2672 1316 2752 (Suet.
1332 2675 1414 2757 Aug.
1430 2675 1490 2753 29)-

311 2779 480 2842 Vitruvius
500 2799 560 2842 non
582 2781 707 2842 silentio
726 2783 935 2863 praeterisset,
955 2782 980 2843 si
1000 2800 1069 2843 eam
1084 2782 1240 2855 novisset3
1256 2780 1342 2843 unde
1355 2785 1483 2862 apparet

312 2889 428 2969 scripte
447 2905 515 2950 esse
533 2887 610 2960 haec
629 2893 701 2950 aute
721 2907 747 2950 a.
769 2889 818 2951 33.
857 2886 919 2949 Sed
939 2888 1111 2961 videamus,
1131 2886 1289 2968 quomodo
1309 2887 1370 2948 viri
1390 2887 1488 2967 doeti,
1524 2887 1528 2892 ’

312 2996 369 3077 qui
393 2994 577 3057 Vitruvium
608 3012 691 3056 anno
718 2996 759 3056 14
790 2994 950 3076 scripsisse
974 3001 1095 3076 putant,
1126 2994 1320 3074 tergiversati
1344 2995 1416 3074 siut,
1447 3000 1482 3056 ut

309 3100 451 3163 Vitruvii
475 3099 570 3162 verba
594 3120 666 3162 eum
691 3099 804 3164 Dionis
828 3101 1008 3163 testimonio
1033 3101 1267 3182 coniungerent.

401 3225 589 3288 Beckerus
621 3224 858 3287 Sachsium
850 3244 1092 3307 impugnans
1132 3225 1187 3308 qui
1220 3225 1328 3287 eadem
1362 3244 1403 3287 ex
1436 3226 1488 3288 eis-

307 3333 464 3396 conclusit
452 3337 588 3414 tutque
623 3351 681 3393 nos
716 3332 892 3414 (cipli),
927 3334 959 3393 in
992 3350 1028 3394 eo
1059 3331 1301 3414 acquiescit,u
1280 3329 1480 3395 utDionem

249 3416 255 3431 ⁹
311 3458 433 3502 errasse
463 3444 587 3502 staua
600 3440 622 3517 ⁶)
673 3439 781 3520 Atque
812 3438 922 3501 eodem
954 3438 1090 3522 pertinet
1077 3437 1228 3500 tRicht
1215 3438 1288 3500 teri
1316 3456 1371 3500 sen
1373 3439 1487 3517 entra,

308 3565 383 3609 eum
419 3545 495 3608 dicit
508 3547 528 3625 7)
567 3545 731 3626 aliquanto
765 3551 836 3627 post
868 3547 909 3607 33
945 3546 1102 3627 porticum
1137 3550 1361 3607 commutatam
1392 3563 1477 3620 esse;

308 3654 425 3715 etenim
446 3652 505 3715 boo
522 3671 586 3713 uon
607 3660 679 3714 ante
702 3654 740 3714 14
759 3651 829 3715 fieri
853 3653 954 3735 potuit
978 3652 1155 3714 seeundum
1179 3652 1248 3714 eius
1271 3651 1310 3713 de
1329 3649 1485 3714 Vitruvio

307 3760 506 3842 opinionem;
537 3776 641 3840 neque
671 3778 746 3820 vero
779 3758 876 3820 ullam
901 3757 1053 3820 babemus
1086 3777 1222 3836 causam,
1252 3777 1310 3821 cur
1333 3755 1485 3838 Dionem,

306 3865 424 3948 quippe
455 3866 509 3946 qui
541 3872 603 3926 tam
634 3869 778 3927 accurate
809 3866 1065 3928 commutationis
1095 3883 1224 3927 causam
1247 3865 1334 3945 sciat,
1363 3864 1476 3948 viginti

306 3974 400 4035 annis
433 3972 587 4035 erravisse
619 3970 817 4034 arbitremur
873 3970 975 4034 Multo
1009 3991 1082 4034 vero
1113 3973 1219 4034 minus
1252 3969 1287 4034 Ο.
1312 3970 1476 4034 Gilberti

395 4147 486 4237 bl
442 4146 491 4199 Dio
510 4146 553 4231 49,
572 4147 615 4212 43,
635 4145 709 4199 8:
697 4140 823 4228 ἐπειὸήτε
842 4149 869 4197 oi
888 4142 1032 4217 Δελμάται
1055 4149 1195 4205 παντελῶς
1218 4149 1404 4215 ἐκεχείρωντο,
1428 4139 1484 4228 rqie-

303 4236 333 4270 τε
361 4236 442 4277 στοας
470 4210 527 4270 ἀπὸ
553 4222 608 4269 τῶν
631 4213 766 4300 λαφύρων
789 4211 880 4269 αὐτῶν
904 4222 949 4270 καὶ
972 4218 1020 4278 τὰς
1039 4211 1199 4300 ἀποθήκας
1212 4222 1268 4269 τῶν
1290 4220 1404 4283 βιβλίων
1427 4210 1483 4277 τὰς

302 4281 506 4348 ἫΟκταοιιανὰς
523 4290 569 4341 ἐπὶ
588 4293 635 4355 τῆς
654 4282 775 4357 ἀδελφῆς
794 4282 880 4341 αὐτοῦ
899 4291 1025 4354 alricii
998 4308 1048 4349 σις
1066 4283 1277 4342 κατεσκείασεν.

393 4357 1051 4429 6)l...1..lp61n1289-1)l....1p218
