3509 5292
801 533 998 593 „2-

405 704 507 781 erare
540 726 613 769 cum
647 710 795 770 memoria
828 709 924 771 huius
956 712 1001 771 rei
1033 710 1073 771 ab
1106 712 1245 792 antiquis
1278 711 1494 794 scriptoribus

313 813 428 874 tradita
451 832 513 875 non
539 820 628 893 esset,
652 822 836 897 argumenta
859 816 899 877 ad
923 824 1056 879 aetatem
1081 819 1151 880 eius
1172 818 1421 900 cognoscendam
1447 838 1494 879 ex

313 920 412 1001 ipsius
431 921 533 1001 operis
553 930 697 983 accurata
718 922 974 1003 interpretatione
992 925 1127 1005 peteuda
1147 932 1242 988 erant.
1282 923 1372 1000 Quod
1392 926 1493 1007 primi

313 1026 463 1089 videntur
490 1028 601 1089 fecisse
629 1028 800 1090 codicum
825 1028 987 1108 scribae3
1015 1031 1130 1092 etenim
1155 1032 1182 1092 si
1207 1032 1387 1110 Poleno‚2)
1417 1033 1493 1093 viro

313 1132 488 1195 litterarum
517 1133 776 1197 Vitruvianarum
808 1136 1027 1215 scientissimo,
1057 1135 1136 1199 fides
1166 1138 1309 1200 habenda
1340 1146 1394 1216 est,
1425 1139 1491 1218 „ad

313 1246 520 1302 extremum
555 1241 712 1320 codicis,
747 1243 809 1323 qui
843 1262 943 1304 nunc
972 1242 1145 1305 Venetiis
1177 1246 1214 1305 in
1244 1244 1489 1307 Bibliotheca

312 1343 349 1407 D.
371 1345 487 1408 Marci
512 1356 747 1427 asservatur,
772 1355 803 1410 et
825 1349 978 1431 pertinuit
1002 1349 1077 1411 olim
1095 1351 1135 1412 ad
1155 1348 1351 1413 cardinalem
1375 1350 1490 1414 Bessa-

313 1454 443 1534 rionem,
474 1453 624 1535 leguntur
655 1456 741 1517 lraec:
776 1452 927 1517 Decimus
954 1463 984 1519 et
1010 1456 1141 1518 ultimus
1166 1456 1304 1519 Vitruvii
1332 1458 1490 1521 Pollionis

310 1560 493 1642 peritissimi
524 1567 554 1622 et
584 1561 835 1642 eloquentissimi
868 1562 1040 1624 Architecti
1071 1561 1165 1625 Liber
1195 1564 1233 1625 de
1264 1565 1490 1627 Architectura

312 1666 354 1727 ad
388 1664 581 1729 Caesarem
617 1671 823 1749 Augustum
855 1668 1058 1731 faelicissimo
1091 1670 1252 1750 exigit.“³)
1307 1670 1419 1753 Itaque
1451 1672 1488 1733 in

312 1772 504 1835 editionibus
528 1792 655 1855 quoque
679 1775 918 1855 antiquissimis,
947 1794 1028 1857 quae
1052 1775 1168 1838 talibus
1192 1777 1354 1839 codicibus
1377 1779 1488 1840 nitun-

311 1888 371 1959 tur,
405 1880 489 1941 hunc
521 1880 693 1961 pleniorem
727 1881 857 1942 titulum
887 1882 1036 1961 legimus3
1071 1902 1209 1964 namque
1242 1886 1280 1944 in
1315 1884 1487 1946 editione

309 1988 483 2070 principe
506 1987 730 2070 Sulpiciana
753 1988 843 2049 anni
865 1988 946 2051 fere
971 1991 1070 2051 1486
1095 1990 1175 2051 hanc
1200 1998 1326 2052 exstare
1345 1990 1487 2053 Polenus

309 2095 476 2172 testatore)
504 2095 756 2176 inscriptionem:
798 2093 849 2173 „h
877 2094 1037 2158 Victrurii
1066 2095 1220 2159 Pollionis
1247 2097 1285 2158 ad
1317 2096 1487 2160 Caesarem

310 2201 495 2280 Augustum
520 2200 557 2262 de
583 2202 802 2264 Architectura
826 2200 920 2263 Liber
943 2201 1104 2280 Primus;“
1132 2209 1227 2284 atque
1251 2204 1361 2266 eadem
1387 2204 1487 2266 rerba

310 2305 461 2387 leguntur
479 2309 514 2368 in
541 2308 711 2370 editione
730 2308 850 2370 altera
872 2308 1102 2371 Florentina
1125 2312 1213 2371 anni
1240 2311 1353 2390 1496,
1387 2330 1484 2392 quam

309 2414 409 2494 ipsam
433 2415 589 2496 inspicere
613 2415 691 2476 mihi
715 2415 812 2477 licuit

399 2519 451 2583 Ex
466 2520 519 2582 illo
530 2522 629 2602 igitur
643 2529 783 2605 tempore
801 2523 885 2586 inter
898 2524 983 2584 viros
998 2522 1105 2584 doctos
1124 2523 1294 2605 plerosque
1309 2522 1485 2590 constabat.

309 2628 491 2712 Augustum
514 2628 613 2691 fuisse
636 2628 725 2691 illum
748 2630 1007 2710 „imperatorem‘
1031 2636 1062 2692 et
1085 2628 1296 2710 ,‚Gaesarem“‚
1320 2630 1360 2691 ad
1381 2648 1479 2711 quem

310 2736 478 2799 Vitruvius
501 2736 599 2797 libros
619 2736 657 2797 de
676 2736 887 2798 architectura
912 2737 1005 2816 misit,
1030 2754 1134 2817 neque
1157 2736 1231 2798 huic
1255 2737 1396 2818 opinioni
1420 2745 1485 2798 sta-

310 2842 467 2905 biliendae
500 2842 627 2905 deerant
660 2850 845 2925 argumenta
884 2861 925 2904 ex
953 2844 1054 2925 ipsius
1083 2842 1122 2905 de
1156 2862 1190 2905 se
1218 2842 1323 2904 verbis
1346 2842 1483 2925 aliisque

310 2950 500 3013 testimoniis
533 2967 597 3011 non
635 2949 703 3010 sine
739 2949 809 3010 iure
838 2949 1003 3027 collecta.⁵)
1046 2948 1139 3011 Errat
1164 2958 1269 3011 autern
1298 2947 1481 3011 Claudius

311 3056 570 3131 Perraultius,
610 3074 682 3117 cum
718 3054 840 3134 (1161116)
882 3053 1124 3139 „Quelquesuns
1158 3056 1289 3117 doutent
1322 3058 1395 3137 quel
1436 3067 1484 3117 est

266 3168 267 3172 ’
307 3162 509 3245 l'Empereur
539 3165 557 3223 a
582 3162 637 3243 qui
661 3160 797 3225 Vitruve
821 3162 913 3224 dedic
945 3182 1001 3225 son
1036 3160 1138 3242 Ltvre,
1170 3181 1263 3244 parce
1296 3160 1375 3243 qu’il
1407 3161 1483 3240 n'ya

309 3271 398 3352 point
435 3268 593 3331 d'adresse
630 3268 709 3330 dans
753 3268 798 3330 les
835 3270 965 3330 enciens
998 3268 1214 3350 exemplaires
1259 3268 1315 3350 qui
1356 3285 1482 3330 nomme

310 3379 464 3457 Auguste,
488 3374 659 3437 Philander
682 3381 785 3438 estant
808 3374 838 3437 16
861 3375 998 3456 premier
1017 3374 1072 3456 qui
1092 3395 1110 3435 a
1128 3374 1254 3436 intitule
1272 3380 1321 3436 cet
1340 3393 1480 3455 ouvrage

399 3623 425 3682 31
445 3622 477 3674 de
492 3621 582 3675 codice
605 3621 641 3679 cf,
660 3636 748 3674 exero.
764 3620 830 3673 Vitr.
850 3620 959 3687 primae.
974 3618 1076 3673 Patavii
1096 3620 1164 3671 1139
1183 3636 1208 3686 p.
1226 3620 1289 3685 1303
1308 3619 1481 3685 scriptitaret

310 3692 372 3747 XV.
391 3693 504 3746 saeculo.

400 3762 499 3826 4111.
521 3780 544 3831 p.
565 3763 659 3816 1571.
682 3762 723 3816 10.

400 3836 426 3899 5)
452 3835 535 3888 veluti
561 3834 637 3887 lraec:
669 3832 736 3885 Vitr.
762 3832 804 3886 IX
824 3832 906 3901 praef.
932 3834 966 3887 16
990 3849 1021 3900 sq
1040 3833 1073 3885 de
1097 3831 1276 3886 celeberrimis
1301 3833 1482 3885 Romanorum

311 3905 481 3973 scriptoribus
501 3904 602 3958 locutus
620 3907 647 3957 ct
665 3902 765 3958 nobiles
785 3906 874 3972 poetas
893 3919 1052 3957 enumerans
1066 3907 1168 3957 tantum
1183 3903 1306 3963 Ennium,
1326 3903 1481 3963 Pacuvium,

311 3977 462 4030 Lucretium
484 3979 619 4030 memorat.
640 3974 707 4029 VIII
726 3974 787 4034 325
812 3973 875 4027 dicit
898 3991 927 4027 se
946 3991 1008 4028 oum
1026 3974 1054 4029 (l.
1073 3974 1136 4027 Iulii
1155 3973 1309 4027 Masinissae
1328 3974 1381 4027 filio
1400 3973 1480 4027 collo-

311 4047 402 4117 quium
428 4047 557 4107 habuisse,
585 4048 656 4099 unde
684 4051 793 4114 apparet
818 4054 967 4113 temporum
992 4046 1094 4099 ratione
1119 4045 1208 4098 habita
1231 4061 1291 4097 eum
1317 4050 1401 4098 aetate
1420 4062 1480 4112 pro-

310 4122 417 4172 vectum
436 4118 581 4186 scripsisse.
608 4118 643 4170 ef.
672 4116 826 4171 Perrault
851 4116 903 4170 Les
922 4117 967 4171 dlx
984 4116 1066 4170 liures
1080 4114 1290 4169 d’Architeoture
1309 4116 1341 4169 de
1360 4116 1480 4176 Vitruve,

311 4191 427 4258 corrigez
446 4194 473 4243 et
490 4190 605 4242 traduitz
623 4188 821 4242 nouvellement
838 4204 871 4242 en
887 4188 1011 4251 Francois
1029 4203 1094 4240 avec
1112 4188 1158 4239 dee
1177 4190 1250 4240 noles
1270 4192 1298 4239 61
1315 4188 1362 4239 des
1376 4187 1480 4255 figures,

311 4265 335 4314 A
354 4261 428 4314 Paris
448 4261 525 4315 1673.
547 4278 570 4329 p.
591 4261 604 4311 1
626 4275 651 4311 n.
674 4262 685 4313 l
706 4259 840 4327 adpraei.
859 4261 874 4327 ξ
895 4260 918 4312 1.
