3509 5292
772 518 979 579 -25-

289 696 377 776 serit,
408 701 471 759 tam
496 700 640 758 accurate
670 693 894 775 definiendum,
925 714 1020 777 quam
1051 700 1159 758 nostra
1186 694 1218 756 id
1247 693 1463 756 circumscribi

288 804 429 866 interest.

381 907 442 971 His
465 909 647 991 praemissis
670 908 709 971 ad
732 908 813 971 hanc
837 908 1032 989 quaestionis
1060 914 1184 970 nostrae
1213 913 1333 989 partem
1362 905 1466 969 absol·

291 1016 428 1078 vendam
454 1016 540 1079 adiro
563 1016 644 1078 licet

731 1263 844 1348 Caput
866 1263 1029 1330 tertium.

290 1385 352 1485 De
372 1388 495 1484 rebus
519 1386 736 1507 ambiguis,
762 1418 866 1508 quae
893 1393 990 1483 ante
1013 1418 1049 1483 a.
1068 1384 1117 1484 31
1138 1385 1208 1492 sio,
1228 1390 1275 1481 ut
1293 1384 1464 1481 traditas

457 1561 527 1625 eas
561 1529 749 1650 legimus,
783 1529 959 1649 scriptae
993 1559 1085 1625 esse
1119 1538 1303 1649 possunt.

758 1742 850 1807 Pars
872 1744 1000 1826 prima.

646 1870 712 1931 Be
736 1870 923 1931 aedibus
948 1870 1104 1932 sacris.

381 2009 475 2073 Libro
503 2011 618 2073 tertio
642 2009 812 2072 Vitruvius
843 2011 908 2093 agit
931 2009 970 2073 de
993 2009 1118 2072 aedium
1142 2028 1303 2073 sacrarum
1326 2026 1465 2091 genere

290 2124 322 2180 et
341 2119 469 2201 specie
489 2122 520 2179 et
539 2117 578 2179 de
597 2116 756 2196 ordinel)
775 2115 893 2199 ionico,
912 2116 992 2180 libro
1013 2122 1150 2199 quarto
1170 2117 1209 2179 de
1229 2116 1339 2179 ordine
1349 2114 1465 2178 Dorico

291 2231 322 2288 et
341 2222 512 2303 Corinthio,
536 2229 695 2307 praeterea
719 2224 751 2284 in
772 2227 907 2305 utroque
931 2223 969 2286 de
993 2223 1088 2287 rebus
1112 2224 1253 2285 omniurn
1275 2223 1464 2305 templorum

292 2332 437 2414 propriis,
456 2331 545 2394 velut
564 2330 603 2393 de
621 2330 826 2393 fundamento
846 2316 957 2411 (1114),
976 2331 1015 2393 de
1033 2331 1219 2393 interiorum
1237 2329 1466 2408 distributione,

290 2438 387 2518 cultu,
412 2443 524 2501 ornatu
548 2435 606 2517 (IV
630 2423 755 2519 4'sqqt.
802 2436 865 2500 Ubi
890 2439 949 2499 hoc
971 2436 1285 2500 animadvertendum
1310 2442 1461 2518 osteum,

292 2563 484 2627 quamquam
519 2545 624 2606 omnia
655 2544 729 2625 fore,
765 2562 847 2625 quae
874 2532 907 2605 in
937 2546 1123 2607 uuiversum
1156 2544 1297 2626 exponit,
1333 2542 1462 2605 Graecis

290 2650 384 2714 debet
415 2650 571 2729 fontibus,
604 2659 707 2713 tamen
741 2651 817 2713 haec
849 2670 915 2713 non
947 2650 1106 2713 iilustrare
1139 2650 1295 2732 exemplis
1328 2649 1465 2730 Graecis,

290 2758 345 2820 sed
369 2758 525 2839 imprimis
547 2756 714 2835 Romanis3
745 2758 924 2839 quindecim
950 2758 1035 2819 enim
1063 2757 1152 2820 affert
1175 2758 1292 2838 templa
1314 2755 1466 2833 Romana,

292 2865 351 2927 tria
374 2865 489 2944 Attica,
521 2869 680 2946 quattuor,
713 2883 795 2945 quae
825 2864 875 2927 vei
905 2864 938 2925 in
963 2865 1059 2927 Asiae
1089 2865 1223 2926 minoris
1246 2863 1295 2927 vel
1319 2864 1354 2926 in
1376 2864 1466 2926 insu·

291 2971 395 3033 larum
420 2971 611 3033 Graecarum
643 2971 778 3033 urbibus
808 2972 984 3033 exstabant.
1037 2968 1128 3044 Quod
1152 2972 1363 3034 certissimum
1388 2971 1466 3032 mihi

292 3077 512 3141 videturesse
542 3083 765 3160 argumentum
797 3097 869 3140 eum
901 3078 1075 3160 exempla
1104 3097 1171 3141 sua
1193 3076 1360 3140 Romana
1391 3096 1463 3140 non

291 3187 374 3267 ipsa
405 3203 557 3267 quoque
586 3185 763 3248 fontibus
793 3186 873 3247 suis
904 3185 1053 3265 debere,
1084 3186 1137 3248 sed
1166 3186 1270 3267 ipsum
1295 3183 1464 3265 addidisse,

290 3296 456 3374 postquam
482 3278 548 3373 ipse
572 3310 610 3354 ea
627 3292 769 3373 inspexit
790 3299 820 3354 et
843 3292 998 3354 rationem
1017 3310 1126 3355 eorum
1146 3292 1372 3355 cum-fontium
1391 3309 1466 3353 auo-

290 3399 417 3461 'toritate
436 3398 638 3481 comparavit.
677 3396 768 3472 Quod
788 3399 978 3461 architectus
996 3399 1084 3462 solus
1108 3400 1209 3462 iacere
1232 3400 1343 3481 potuit,
1367 3417 1465 3480 quare

291 3523 332 3568 ne
361 3504 400 3567 de
425 3502 598 3587 Varronei)
630 3504 757 3586 quidem
785 3512 911 3567 auctore
935 3504 1075 3568 Vitruvii
1106 3507 1235 3587 cogitari
1269 3511 1378 3588 potest,
1408 3505 1465 3587 qui

290 3610 392 3674 fontes
421 3610 574 3693 quosdam
599 3610 736 3674 Graecos
769 3611 948 3675 exscribere
979 3613 1091 3694 potuit,
1121 3631 1183 3674 non
1215 3614 1317 3695 potuit
1348 3613 1386 3675 de
1417 3613 1466 3674 his

290 3717 385 3780 rebus
408 3718 452 3780 ita
475 3718 625 3798 iudicare,
650 3726 685 3782 ut
707 3719 781 3781 facit
803 3718 980 3783 Vitruvius.
1343 3698 1345 3702 ¹

380 3823 505 3887 Deinde
535 3842 612 3887 vero
642 3825 702 3888 hoc
732 3825 903 3888 admodum
936 3832 983 3888 est
1015 3824 1154 3889 notabile
1186 3824 1370 3888 Vitruvium
1400 3833 1465 3887 tarn

290 3950 392 4013 pauca
415 3949 592 3994 memorare
616 3932 733 4015 templa
761 3933 793 3993 in'
823 3933 892 4015 ipsa
916 3930 1048 3995 Graecia
1075 3933 1241 4011 exstantia,
1270 3951 1464 4015 quamquam

381 4107 407 4174 1)
425 4105 461 4160 ci.
480 4105 596 4173 Semper.
634 4106 689 4160 Der
707 4106 793 4161 Stin.
813 4148 820 4160 .
841 4151 847 4163 .
867 4106 903 4173 H,
922 4123 948 4174 p.
967 4105 1019 4162 425
1029 4107 1046 4161 ¹.

379 4175 407 4244 2)
426 4180 511 4244 capito
536 4178 607 4230 enim
629 4177 722 4245 primo,
748 4194 815 4245 qnae
839 4178 872 4231 de
902 4177 1112 4248 proportionibus
1140 4179 1167 4231 et
1199 4178 1329 4231 mensuris
1358 4179 1467 4246 exponit

289 4248 437 4318 Vitruvius,
457 4247 584 4315 Polycleti
602 4249 706 4302 videtur
724 4265 782 4307 esse
800 4250 919 4304 doctriua
936 4265 952 4303 a
970 4249 1089 4304 Varrone
1113 4250 1136 4303 ei
1155 4249 1274 4317 praebita
1292 4250 1326 4305 cf.
1346 4249 1462 4318 Urlicim,

289 4309 365 4383 Uber
382 4318 480 4387 griech.
499 4319 713 4374 Kunstschriftst.
750 4320 901 4390 Wiirzburg
920 4321 997 4378 1887.
1033 4338 1060 4389 p.
1081 4322 1112 4373 11
1132 4336 1171 4389 sq.
