3509 5292
769 557 809 564 --
855 520 894 581 vv
969 557 980 573 ..

297 717 374 761 more
397 700 624 779 interpretatus
648 707 695 759 est
717 734 759 742 —
785 716 888 778 neque
912 696 1013 758 ullum
1044 697 1132 759 affert
1160 695 1338 759 aedificium
1363 696 1464 776 impe·

293 811 390 867 ratore
415 806 563 887 Augusto
586 804 715 884 factum,
746 804 808 866 nisi
831 805 892 865 iam
918 804 1080 866 nonnullis
1104 811 1272 885 antequam
1297 802 1351 864 ille
1374 802 1463 883 prin·

290 914 424 995 cipetum
445 912 607 992 obtineret,
631 912 724 973 annis
743 912 925 973 incohatum
945 917 1019 972 erat
1057 914 1101 973 At
1119 913 1145 973 si
1165 917 1235 992 post
1254 930 1280 972 a.
1302 910 1342 970 31
1362 908 1461 970 libros

289 1022 528 1096 retractavisset
558 1037 631 1080 eum
663 1019 770 1080 omnia
793 1036 830 1078 ea
854 1016 997 1079 aedificia
1021 1017 1071 1079 vel
1095 1015 1310 1079 aedificiorum
1335 1034 1464 1097 genera,

289 1144 368 1207 quae
400 1125 609 1206 sequentibus
643 1126 733 1186 annis
767 1125 866 1185 multa
899 1130 930 1184 et
961 1123 1128 1204 magnifica
1150 1122 1268 1185 Itomae
1298 1126 1462 1185 exstructa

288 1239 368 1307 sunt,
387 1231 514 1293 silentio
531 1232 697 1313 neglegere
709 1210 776 1291 'non
790 1230 930 1312 potuisse
948 1230 1200 1298 mibicoucedes;
1223 1248 1320 1310 quare
1340 1235 1462 1291 certum

290 1338 364 1399 milri
388 1338 516 1399 videtur
539 1355 607 1399 esse
631 1356 703 1399 eum
729 1338 835 1400 neseio
858 1356 921 1417 qua
940 1356 1035 1398 causa
1054 1344 1245 1398 commotum
1269 1335 1367 1397 libros
1386 1353 1465 1397 suos

289 1464 349 1506 non
376 1445 546 1524 diligenter
569 1444 795 1523 retractavisse,
819 1444 874 1505 sed
898 1463 999 1525 pauca
1023 1450 1144 1505 tantum
1168 1443 1336 1504 addidisse.

376 1586 425 1649 Ut
457 1588 578 1667 igitur
610 1586 932 1667 comprehendam,
967 1586 1058 1667 quid
1092 1585 1161 1647 hoo
1194 1586 1462 1667 quaestionum

292 1693 604 1756 Vitruvianarum
625 1694 834 1775 specimine
853 1692 1033 1774 probasse
1053 1693 1142 1754 mihi
1162 1693 1305 1768 videar,
1329 1692 1464 1753 Vitru-

292 1802 388 1862 vium
409 1807 536 1862 statuo
558 1800 684 1861 decem
705 1800 748 1861 de
768 1799 1027 1861 architectura
1045 1800 1167 1861 libros
1186 1807 1273 1861 ante
1298 1818 1463 1881 pugnam

292 1908 482 1970 Actiacam
506 1907 723 1988 scripsisse,
748 1914 882 1987 postea
905 1906 1007 1967 circa
1030 1926 1164 1968 annum
1186 1907 1232 1967 24
1257 1905 1465 1988 praefatio·

293 2014 400 2077 nibus
425 2020 460 2077 et
488 2013 762 2075 additamentis
793 2012 1032 2093 quibusdam,
1062 2031 1079 2075 e
1108 2013 1246 2095 quibus
1275 2012 1348 2074 tria
1376 2031 1464 2093 cog·
1491 2058 1494 2061 -

293 2139 445 2183 noscere
462 2120 572 2182 nobis
590 2120 692 2200 licet,
709 2127 852 2199 auctos,
869 2121 1267 2181 ceterumimmutatos
1284 2119 1463 2181 edidisse.

378 2261 471 2336 Quod
494 2265 520 2325 si
545 2263 596 2324 cui
627 2281 738 2345 parum
772 2261 907 2344 simplex
936 2262 1071 2342 ideoque
1094 2282 1204 2344 parum
1230 2260 1393 2344 probabile
1417 2261 1465 2320 vi·

295 2369 393 2450 detur,
432 2369 612 2432 meminerit
645 2387 689 2447 ea,
730 2388 810 2450 quae
847 2389 944 2450 supra
980 2370 1021 2451 (p,
1056 2370 1111 2450 75)
1150 2369 1292 2450 exposui.
1350 2366 1463 2448 Neque

293 2494 364 2539 vero
387 2478 451 2538 iam
471 2476 508 2538 ad
529 2475 624 2538 finem
646 2477 863 2557 pervenimus3
889 2481 986 2537 restat
1009 2477 1101 2548 euim,
1126 2482 1161 2538 ut
1184 2494 1286 2557 pauca
1310 2475 1467 2537 addamus

293 2583 328 2645 de
358 2584 488 2658 ratione,
519 2602 599 2664 quae
629 2582 797 2644 intercedit
827 2584 912 2644 iuter
935 2582 1118 2644 Vitruvium
1147 2588 1177 2643 et
1200 2588 1345 2644 auctores
1369 2600 1463 2663 quos·

293 2688 368 2770 dam,
390 2709 470 2771 quos
490 2691 518 2751 ei
538 2688 640 2750 fontes
660 2690 820 2751 exstitisse
839 2690 899 2749 viri
919 2688 1001 2750 docti
1020 2688 1167 2751 nonnulli
1186 2694 1464 2765 asseveraverunt3

293 2815 362 2857 nam
386 2796 415 2857 si
439 2814 546 2858 omnes
577 2814 687 2858 eorum
717 2796 916 2857 comecturae
940 2795 1138 2877 accipiendae
1162 2803 1274 2873 essent,
1306 2814 1350 2873 ea,
1382 2813 1466 2877 quae

293 2921 385 2984 supra
410 2902 585 2984 posuimus,
608 2909 691 2965 stare
716 2896 779 2963 non
804 2908 942 2984 possent.

379 3046 428 3106 Ao
451 3046 588 3127 primum
614 3045 742 3125 quidem
767 3044 942 3106 Varronem
968 3044 1114 3106 Vitruvio
1142 3046 1276 3126 amplam
1302 3045 1464 3105 materiam

291 3151 473 3232 praebuisse
492 3151 562 3233 plus
583 3151 679 3213 semel
698 3153 731 3212 in
751 3151 810 3212 hac
830 3151 1052 3214 dissertatione
1076 3157 1107 3213 et
1131 3150 1250 3213 dictum
1263 3158 1306 3213 et
1324 3152 1467 3213 testimo-

291 3258 351 3320 niis
366 3256 584 3320 confirmatum
600 3264 655 3319 est.
685 3256 806 3331 Quodsi
821 3264 906 3320 recte
921 3259 1124 3320 ratiocinatus
1141 3257 1467 3337 essetRitscbelius4⁰l

292 3364 408 3426 librum
439 3370 584 3426 octavum
617 3365 855 3446 dIsoIpIInarum
885 3366 935 3445 (de
960 3366 1125 3445 medicina)
1156 3366 1364 3447 compositum
1395 3383 1467 3427 esse

292 3490 372 3532 anno
396 3491 422 3533 a.
448 3468 517 3533 Obr.
544 3473 583 3533 33
609 3470 659 3551 (cf.
683 3471 764 3534 Plin.
790 3473 840 3551 29,
863 3474 919 3533 65:
946 3478 1131 3552 „cunctarer
1153 3474 1187 3533 in
1210 3471 1397 3553 proferendo
1423 3491 1465 3533 ex

292 3577 329 3639 iis
363 3577 511 3658 remedio
545 3578 575 3637 ni
611 3578 652 3639 M.
685 3577 787 3639 Varro
820 3576 999 3639 LXXXIII
1031 3580 1114 3640 vitae
1148 3598 1230 3640 anno
1264 3577 1467 3659 prodidisset)

293 3690 418 3746 sextum
451 3683 503 3766 (de
535 3685 714 3766 astrologia)
748 3704 831 3746 anno
864 3686 915 3764 28,
955 3686 1056 3747 omnis
1093 3691 1200 3747 nostra
1233 3686 1467 3765 argumentatio

293 3788 458 3870 labefieret,
490 3810 561 3852 cum
592 3790 776 3854 Vitruvium
807 3791 888 3853 libro
919 3811 1004 3852 nono
1035 3792 1087 3875 (de
1118 3792 1339 3871 architectura)
1370 3810 1465 3853 usum

294 3914 359 3959 esso
383 3905 512 3975 constet,
543 3900 599 3979 qui
623 3898 722 3960 eidem
749 3897 813 3960 fere
837 3899 970 3980 tempori
1000 3898 1189 3961 tribuendus
1214 3904 1302 3960 esset.
1349 3896 1409 3961 Sed
1434 3903 1467 3959 et

294 4003 377 4064 illam
401 4003 573 4066 firmiorem
599 4024 667 4067 esse
691 4003 815 4067 confido
840 4025 934 4086 quam
959 4011 995 4067 ut
1018 4006 1078 4067 hoc
1101 4012 1286 4085 argumento
1317 4006 1393 4067 satis
1416 4005 1465 4066 in-

296 4116 376 4172 certo
401 4130 548 4173 corruere
572 4112 671 4193 possit
695 4117 725 4173 et
744 4122 968 4194 argumentum
987 4114 1116 4174 omnino
1137 4112 1292 4175 caducum
1312 4118 1367 4194 est,
1392 4132 1465 4174 cum

295 4250 505 4260 ——...

380 4322 426 4387 40)
446 4338 536 4389 opusc.
555 4321 597 4375 III
616 4338 640 4389 p.
660 4321 721 4383 too.
