3509 5292
738 483 978 589 444-

339 770 342 777 ,
377 704 450 768 Sola
483 725 528 788 ea,
563 726 645 790 quae
677 707 778 789 capite
811 714 922 768 octavo
957 706 995 768 de
1027 711 1257 768 structurarum
1290 703 1455 786 generibus

286 812 501 895 proferuntur,
525 832 596 876 cum
622 816 654 875 in
681 816 863 875 universum
888 814 927 875 ad
949 814 1089 874 diversas
1108 804 1296 873 aedificandi
1315 812 1455 890 rationes,

287 921 407 1003 quibus
441 920 575 983 diversis
608 920 803 1002 temporibus
841 922 891 983 usi
924 933 1000 982 sunt
1031 918 1174 999 Romani,
1217 917 1456 999 cognoscendas,

287 1033 356 1090 tum
382 1027 419 1089 ad
445 1035 576 1109 tempus,
609 1047 672 1109 quo
703 1027 741 1089 ab
771 1027 869 1089 altera
899 1028 937 1089 ad
968 1027 1097 1089 alteram
1128 1026 1313 1087 transierint
1343 1031 1374 1087 et
1400 1043 1457 1105 quo

289 1134 458 1197 Vitruvius
474 1136 551 1196 haec
565 1136 733 1216 scripserit,
753 1135 930 1197 accuratius
945 1132 1161 1196 definiendum
1178 1132 1315 1194 multum
1330 1130 1457 1211 valeant,

288 1242 545 1324 interpretatione
569 1248 669 1324 egent.
716 1240 777 1304 Sed
797 1260 865 1303 cam
886 1242 990 1322 aptius
1010 1240 1145 1301 tribuam
1168 1240 1249 1321 parti
1273 1238 1457 1320 insequenti.

756 1455 848 1517 Pars
872 1456 995 1517 tertia.

398 1599 464 1660 De
487 1601 622 1661 rebus
645 1600 702 1660 acl
727 1598 965 1660 historiam
989 1602 1035 1659 et
1058 1596 1358 1675 antiquitates

704 1706 1050 1785 pertinentibus.

380 1862 449 1925 Hac
467 1872 555 1945 parte
574 1864 764 1946 complectar
783 1864 897 1943 omnia,
923 1882 1003 1946 quae
1022 1861 1190 1924 Vitruvius
1212 1863 1303 1943 quasi
1327 1868 1459 1943 praeter-

289 1972 369 2050 iens,
410 1978 445 2032 ut
484 1971 638 2053 exemplis
675 1971 812 2033 illustret
849 1971 1162 2052 argumentationem,
1199 1988 1240 2031 ex
1272 1969 1404 2030 historia
1434 1971 1461 2027 et

290 2078 533 2159 antiquitatibus
564 2078 613 2140 vel
644 2078 778 2159 publicis
809 2078 858 2139 vel
890 2079 1019 2159 privatis
1043 2077 1140 2159 petita
1161 2077 1204 2137 ita
1227 2074 1396 2157 significat,
1430 2084 1461 2135 ut

289 2185 369 2247 certi
399 2185 563 2247 cniusdam
594 2186 745 2267 temporis
775 2185 894 2246 indicia
924 2203 960 2246 ea
989 2183 1138 2246 exhibere
1169 2191 1317 2265 appareat
1339 2182 1391 2243 vel
1414 2180 1462 2242 de·

294 2293 461 2354 monstrari
492 2293 597 2374 possit.
654 2295 702 2353 Ac
732 2293 867 2374 primum
900 2291 1002 2353 dicam
1034 2290 1072 2352 de
1101 2289 1197 2351 rebus
1227 2290 1377 2351 historiae
1405 2287 1462 2349 fide

290 2398 510 2481 comprobatis

384 2503 679 2567 Commemorantur
709 2504 900 2567 aVitruvio
932 2505 1103 2586 municipia
1133 2502 1287 2566 nonnulla
1320 2507 1351 2564 et
1384 2500 1463 2564 colo-

294 2612 374 2691 niae,
408 2630 450 2675 sc.
482 2614 656 2696 municipia
688 2614 872 2691 Altinum,
906 2610 1097 2691 Ravenna,
1129 2610 1313 2691 Aquileia
1343 2610 1385 2691 (p.
1417 2609 1463 2686 20,

295 2721 315 2781 3
349 2718 398 2800 sq)
459 2718 588 2802 Salpia
625 2721 666 2802 (p.
701 2721 750 2800 20,
787 2721 841 2795 103
876 2721 931 2795 21)
989 2718 1193 2781 Ferentum
1237 2718 1277 2798 (p.
1317 2719 1369 2797 45,
1412 2715 1464 2795 24)

293 2827 448 2888 colonia
480 2826 580 2888 lulia
612 2826 806 2888 Fanestris
848 2826 896 2905 (cf.
930 2845 958 2907 p.
992 2825 1062 2904 106,
1096 2826 1134 2885 13
1166 2826 1214 2905 sq)
1253 2822 1465 2902 Pisaurum,

296 2936 453 2995 Ancona
484 2933 711 3016 reliquaque
744 2953 825 3016 quae
861 2941 937 2995 sunt
968 2934 1000 2993 in
1033 2950 1068 2993 ea
1098 2932 1227 3012 regione
1261 2931 1465 3013 municipia

292 3042 337 3123 tp.
368 3041 418 3119 60,
448 3042 597 3118 10-12).
660 3039 885 3115 Quaerendum
918 3046 965 3102 est
992 3040 1097 3120 igitur,
1131 3058 1194 3119 quo
1224 3044 1365 3120 tempore
1395 3037 1467 3099 illae

296 3148 390 3211 urbes
421 3149 592 3230 municipia
616 3154 646 3210 et
670 3149 810 3209 coloniae
839 3147 941 3210 iactae
968 3148 1039 3209 sint.
1090 3148 1198 3227 Atque
1222 3144 1261 3207 de
1284 3145 1468 3227 municipiis

296 3275 347 3317 res
378 3255 473 3317 facile
508 3262 555 3316 est
587 3254 770 3334 diiudicatn,
810 3274 882 3315 cum
922 3260 975 3316 aut
1008 3252 1132 3334 legibus
1165 3252 1248 3313 Iulia
1280 3257 1311 3313 et
1343 3250 1469 3334 Papiria

297 3346 422 3424 Plautia
439 3363 514 3423 anni
531 3381 557 3425 a.
576 3360 645 3423 Chr.
664 3362 705 3423 89
724 3369 778 3423 aut
797 3370 880 3423 certe
898 3362 966 3442 lege
981 3360 1065 3422 Iulia
1083 3361 1158 3420 anni
1176 3360 1217 3421 49
1235 3358 1468 3436 corennum)

293 3470 507 3549 Altinum‚11⁵)
538 3468 751 3551 Aquileia,1¹⁶)
782 3466 996 3548 Ravenna,¹¹⁷)
1027 3466 1213 3548 Salapia118)
1243 3467 1277 3526 in
1301 3468 1470 3548 municipi·

296 3594 390 3637 orum
416 3594 583 3638 numerum
609 3583 750 3657 receptae
774 3576 844 3637 sint.

387 3681 448 3745 Sed
467 3682 506 3744 de
525 3681 649 3764 Salpia
678 3682 769 3764 plura
792 3681 887 3743 verba
910 3680 1053 3742 facienda
1077 3685 1163 3754 suut3
1190 3679 1354 3761 quaeritur
1378 3680 1470 3756 enim,

295 3809 362 3870 quo
386 3797 526 3871 tempore
550 3788 582 3849 id
606 3789 761 3867 acciderit,
786 3787 873 3869 quod
898 3787 980 3870 apud
1000 3786 1183 3848 Vitruvium
1208 3784 1344 3865 legimus
1369 3784 1466 3845 domi·

294 3898 406 3961 cilium
430 3914 482 3958 eos
506 3915 522 3957 e
545 3898 673 3978 regione
696 3895 842 3978 pestifera
866 3896 1063 3957 transtulisse
1087 3893 1127 3955 ad
1151 3910 1237 3953 mare
1262 3890 1302 3952 M.
1329 3890 1468 3953 Hostilio

423 4074 441 4123 4
470 4072 564 4124 Nissen
584 4069 642 4122 ltal.
663 4070 790 4124 Laudesk.
810 4069 837 4122 Il
856 4086 881 4135 p.
901 4070 961 4122 341.

510 4183 524 4209 „
584 4142 600 4194 l.
620 4140 636 4193 l.
657 4140 683 4192 ll
703 4159 726 4208 p.
746 4140 806 4193 222.
845 4141 872 4193 C.
894 4140 915 4192 Ι.
935 4141 963 4193 L.
985 4141 1009 4191 V
1027 4139 1097 4192 2149
1118 4138 1248 4207 (Hiilsen).

510 4326 515 4352 ‚
599 4325 613 4350 „
697 4301 722 4350 p.
742 4282 794 4336 252
814 4283 842 4337 C.
862 4283 884 4335 l.
904 4282 932 4335 L.
953 4283 977 4333 V
997 4300 1020 4348 p.
1040 4281 1101 4336 2Οῖ.

389 4075 402 4123 1

389 4147 404 4266 l
514 4254 529 4277 .‚
603 4252 619 4278 „
703 4230 728 4279 p.
748 4211 799 4265 229
819 4212 900 4263 P-W.
920 4211 947 4263 ll
966 4228 988 4263 c.
1008 4210 1059 4263 319
1078 4226 1099 4262 s.
1119 4227 1143 4265 v.
1182 4251 1197 4276 „

389 4288 402 4408 4
511 4326 526 4422 ,ζ
600 4395 615 4421 ,,
701 4372 726 4422 p.
746 4353 797 4407 849
808 4370 846 4423 sq.
878 4353 1030 4420 Marquardt
1049 4353 1123 4407 Rom.
1134 4348 1342 4406 staatsverwss
1353 4367 1378 4418 p.
1389 4349 1470 4417 ssOsq.
