3509 5292
810 538 1024 598 ..12-

328 714 561 797 philosophicis,
587 733 666 796 quas
689 715 722 775 in
745 713 807 776 illis
830 733 944 797 magna
967 734 1040 777 eum
1064 714 1255 796 loquacitate
1278 724 1309 777 et
1327 714 1505 795 praeceptis

330 820 504 883 moralibus
532 829 659 883 ornatas
687 820 811 902 profert.
860 820 929 883 Etsi
957 840 1032 883 vero
1060 821 1240 884 testimonia
1267 821 1320 883 illa
1348 820 1386 882 de
1414 839 1449 882 se
1473 828 1504 882 et

331 927 420 990 libris
453 928 520 989 suis
553 928 710 990 interdurn
746 928 918 989 narrationi
948 927 1122 990 rhetoricae
1152 929 1299 1008 intexuit,
1328 929 1436 989 tamen
1467 945 1504 989 ea

328 1034 427 1096 rebus
450 1035 527 1115 ipsis
550 1053 613 1096 non
639 1036 817 1114 convenire,
846 1034 901 1096 sed
931 1036 1000 1116 ipsa
1027 1035 1203 1097 secundum
1225 1034 1389 1097 rhetorum
1412 1052 1505 1116 prae-

329 1147 422 1222 cepta
444 1140 640 1203 conformata
664 1158 733 1203 esse
755 1140 806 1203 vel
829 1140 986 1203 rhetorico
1010 1141 1088 1203 fonti
1108 1140 1215 1203 deberi
1237 1160 1302 1202 non
1320 1142 1409 1222 prius
1432 1160 1505 1222 pro·

333 1246 435 1309 babile
455 1247 577 1327 ducam,
602 1267 697 1329 quam
719 1248 812 1310 certis
836 1248 1033 1327 argumentis
1052 1267 1069 1309 3
1092 1266 1126 1310 re
1146 1249 1214 1329 ipsa
1232 1246 1284 1309 vel
1303 1248 1505 1310 extrinsecus

331 1354 439 1435 petitis
462 1354 710 1416 demonstratum
735 1355 802 1417 erit.
847 1353 949 1416 immo
968 1354 1088 1416 nullam
1108 1354 1263 1417 habemus
1287 1374 1424 1433 causam,
1448 1374 1506 1417 cur

330 1479 397 1521 non
414 1461 603 1524 testimoniis
621 1460 684 1522 illis
704 1468 738 1523 ut
756 1461 897 1524 maxime
915 1460 1038 1523 idoneis
1057 1460 1095 1522 ad
1115 1461 1213 1522 vitam
1232 1461 1302 1523 eius
1321 1467 1352 1523 et
1370 1467 1504 1542 tempus,

332 1586 396 1647 quo
419 1567 588 1648 scripserit,
618 1567 836 1648 cognoscenda
865 1572 1003 1629 utamur.
1056 1566 1201 1629 Primum
1230 1568 1330 1649 igitur
1358 1576 1505 1629 accurata

330 1692 443 1735 eorum
466 1675 726 1756 interpretatione
749 1693 829 1755 opus
852 1682 908 1736 est.

422 1800 530 1879 Atque
553 1799 709 1880 imprimis
736 1797 927 1880 praefatio
952 1798 1044 1860 libri
1066 1798 1190 1881 primi,
1219 1818 1283 1879 qua
1306 1817 1386 1879 opus
1411 1818 1504 1861 suurn

333 1907 481 1987 Augusto
504 1904 650 1967 inscribit
672 1911 703 1967 et
730 1905 937 1987 commendat,
965 1905 1057 1967 nobis
1085 1904 1322 1987 interpretanda
1349 1909 1402 1966 331.
1453 1903 1506 1966 Er

331 2011 386 2073 illa
405 2012 499 2091 enirn,
519 2012 659 2092 sicunde,
676 2020 795 2075 eertum
817 2014 1031 2075 testimonium
1052 2029 1164 2093 capere
1182 2030 1242 2073 nos
1259 2029 1353 2093 posse
1372 2010 1506 2090 confido,

334 2126 377 2199 ut,
397 2119 523 2201 quando
535 2118 703 2181 Vitruvius
720 2118 818 2182 libros
838 2119 876 2182 de
895 2120 1106 2181 architectura
1124 2119 1354 2199 conscripserit,
1373 2137 1506 2200 cognos-

330 2244 449 2306 camus,
480 2225 652 2288 dummodo
683 2227 845 2308 contingat
874 2225 976 2307 nobis,
1001 2233 1036 2288 ut
1058 2231 1191 2308 tempus,
1224 2226 1309 2306 quod
1339 2224 1505 2306 significat,

330 2332 636 2396 circumscribamus.
683 2331 744 2394 Sed
768 2332 936 2395 audiamus
959 2333 1071 2414 ipsum.

422 2454 519 2537 „Cum
539 2456 647 2518 divina
666 2462 720 2519 tua
740 2475 828 2519 mens
847 2462 879 2519 et
896 2474 1024 2536 numen,
1043 2458 1212 2539 imperator
1232 2454 1352 2535 Caesar,
1371 2456 1505 2538 irnperio

333 2564 490 2645 potiretur
503 2563 588 2625 orbis
603 2571 759 2625 terrarum
774 2564 956 2645 invictaque
971 2564 1089 2626 virtute
1100 2564 1223 2625 cunctis
1236 2564 1378 2625 hostibus
1391 2564 1504 2645 stratis,

331 2670 524 2751 triumpho
548 2670 788 2753 victoriaque
806 2676 862 2732 tua
880 2674 966 2733 cives
985 2670 1199 2752 gloriarentur
1217 2676 1248 2732 et
1266 2676 1375 2751 gentes
1396 2688 1504 2731 omnes

331 2776 483 2839 subactae
516 2783 607 2839 tuum
640 2782 817 2859 spectarent
844 2784 959 2839 nutum
988 2777 1187 2859 populusque
1212 2775 1373 2839 Romanus
1401 2782 1432 2838 et
1459 2796 1505 2839 33

335 2885 428 2946 natus
446 2882 598 2946 liberatus
617 2884 731 2945 timore
748 2884 950 2965 amplissimis
964 2885 1027 2946 tuis
1042 2882 1287 2965 cogitationibus
1302 2882 1505 2965 consiliisque

330 2990 573 3072 gubernaretur,
596 3010 661 3052 non
685 2989 849 3072 audebam,
873 2991 970 3053 tantis
993 2990 1262 3073 occupationibus
1292 2990 1330 3052 de
1354 2990 1505 3053 architec-

334 3105 408 3159 tura
432 3098 573 3179 scripta
597 3098 633 3159 et
655 3098 804 3179 magnis
832 3097 1134 3178 cogitationibus
1161 3095 1353 3178 explicata
1381 3095 1504 3176 edere,

336 3211 480 3266 metuens
509 3223 550 3266 ne
580 3223 645 3265 non
677 3210 749 3286 apto
780 3210 922 3285 ternpore
945 3204 1149 3285 interpellans
1172 3202 1313 3266 subirem
1337 3204 1384 3264 tui
1408 3204 1506 3265 animi

332 3310 570 3373 offensionem.“
606 3308 711 3373 Dictio
731 3330 827 3391 quam
847 3312 888 3372 sit
905 3311 1069 3391 rhetorica,
1089 3311 1248 3372 nemiuem
1267 3310 1377 3392 fugere
1395 3314 1505 3391 potest,

334 3435 440 3499 neque
463 3417 569 3498 verba,
598 3416 716 3499 quibus
739 3418 847 3498 utitur,
871 3418 967 3479 nimis
991 3416 1161 3499 premenda
1186 3421 1275 3494 sunt3
1306 3434 1405 3497 quare
1434 3435 1506 3479 cum

333 3525 557 3605 imperatorem
576 3518 755 3606 alloquatur
773 3524 901 3605 „divina
914 3530 969 3586 tua
987 3542 1077 3587 mens
1096 3533 1126 3585 et
1138 3522 1283 3604 numen“,
1304 3541 1346 3585 ex
1364 3523 1413 3584 his
1432 3522 1507 3586 solis

334 3630 442 3693 verbis
461 3632 592 3693 minime
612 3630 761 3713 colligere
779 3629 1009 3713 licetAugusto
1028 3637 1095 3694 tum
1116 3630 1240 3692 divinos
1260 3631 1395 3692 honores
1412 3628 1509 3711 largi-

337 3744 386 3799 tos
406 3755 475 3800 esse
493 3736 661 3812 Romanos⁴
672 3756 778 3819 neque
795 3737 977 3800 Vitruvium
998 3737 1077 3799 haec
1096 3737 1234 3800 scribere
1252 3736 1402 3818 potuisse,
1421 3742 1509 3799 ante·

334 3864 432 3926 quam
462 3845 576 3925 genius
605 3843 655 3907 vel
685 3863 806 3906 numen
829 3845 970 3926 Augusti
996 3846 1080 3906 inter
1103 3844 1179 3907 deos
1208 3843 1333 3925 publice
1361 3842 1509 3907 adoratos

335 3957 498 4034 receptum
523 3956 578 4013 331.
587 3953 608 4027 2)
637 3949 701 4013 Sed
723 3969 783 4031 res,
808 3970 887 4032 quas
910 3950 1080 4013 verborum
1105 3950 1242 4032 quodam
1262 3956 1388 4012 tumore
1411 3950 1509 4032 signi-

331 4056 415 4138 ficat,
447 4057 562 4120 dubiae
593 4075 663 4120 esse
691 4058 749 4119 vix
778 4064 917 4140 possunt.
971 4057 1099 4119 Etenim
1129 4058 1235 4121 omnia
1265 4073 1346 4138 quae
1378 4056 1510 4119 dicitsi

424 4268 452 4338 2)
472 4269 535 4323 Ηο1,
551 4269 625 4335 epist.
640 4268 676 4328 Π,
686 4269 710 4335 1,
726 4269 740 4321 1
756 4284 813 4335 sqq,
832 4269 873 4322 15.
890 4284 951 4322 cum
964 4268 1023 4321 adn.
1038 4268 1196 4336 Kiesslingii
1215 4268 1374 4321 Mommsen:
1393 4266 1509 4319 Hermes

334 4339 389 4394 XV
407 4357 433 4408 p.
453 4340 512 4395 109.
550 4340 625 4394 Rom.
645 4340 752 4399 sacar.
771 4339 971 4407 21115611·
997 4339 1122 4395 Ceterum
1140 4340 1220 4407 cip.
1241 4342 1255 4392 7
1276 4354 1338 4392 cum
1355 4336 1444 4390 1122.
