3509 5292
797 520 1010 583 ..24-

317 694 486 758 Vitruvius
514 714 551 757 eo
569 703 721 778 tempore
751 698 921 779 scripserit,
952 718 1015 779 quo
1046 700 1113 780 ipse
1143 717 1178 762 se
1208 700 1373 781 scripsisse
1404 700 1488 782 dicit,

316 820 359 863 sc.
384 807 455 865 ante
479 803 530 864 31.
576 801 704 865 Etenim
726 806 755 866 si
777 804 939 887 apparebit
963 805 1147 868 Vitruvium
1173 807 1346 869 maximam
1370 814 1488 889 partem

317 926 425 970 earum
450 928 563 988 rerum,
593 928 672 990 quas
700 911 732 972 in
761 911 850 974 libris
874 912 941 974 suis
964 911 1089 993 profert,
1117 918 1182 974 tam
1206 918 1279 976 ante
1302 932 1423 975 annum
1448 916 1486 976 31

316 1033 414 1096 quam
443 1020 552 1097 postea
576 1016 712 1079 scribere
737 1018 887 1099 potuisse,
918 1019 1019 1100 ipsius
1042 1019 1081 1082 de
1108 1038 1202 1102 opere
1225 1039 1284 1082 suo
1307 1020 1489 1084 testimonio

317 1120 428 1184 confisi
451 1123 498 1199 (cf.
522 1142 551 1204 p.
573 1122 627 1204 18)
647 1142 711 1186 non
736 1123 953 1187 dubitabimus
977 1125 1167 1188 contendere
1190 1145 1243 1189 eas
1265 1128 1398 1209 scriptas
1421 1146 1490 1189 esse

316 1247 335 1289 a
359 1226 507 1291 Vitruvio
532 1235 606 1292 ante
633 1250 659 1291 a.
686 1232 743 1308 313
774 1237 869 1314 atque
893 1231 1030 1294 elucebit
1052 1232 1110 1293 hac
1134 1234 1319 1313 quaestione
1347 1233 1489 1296 absoluta

318 1352 390 1396 eum
415 1340 516 1397 toturn
540 1330 710 1419 fere'opus,
735 1338 820 1419 quod
839 1340 955 1400 nostris
974 1339 1007 1400 in
1027 1339 1174 1401 manibus
1193 1345 1247 1420 est,
1272 1341 1331 1403 boc
1350 1346 1490 1424 tempore

315 1441 486 1523 scripsisse.

406 1582 535 1647 Constat
562 1591 669 1647 autem
692 1584 877 1648 Vitruvium
906 1586 1060 1648 librorum
1085 1588 1123 1649 de
1153 1588 1364 1652 architectura
1389 1591 1489 1652 maxi-

317 1708 400 1751 mam
414 1697 534 1773 partem
553 1692 777 1773 conscripsisse
792 1711 834 1753 ex
847 1692 990 1755 fontibus
1004 1711 1076 1754 cum
1091 1692 1243 1757 Romanis
1261 1701 1329 1757 tum
1346 1695 1487 1772 Graecis3

317 1816 397 1878 quae
420 1798 517 1880 igitur
535 1798 598 1861 illis
619 1797 719 1878 debet,
737 1798 766 1860 h.
786 1798 805 1861 l.
829 1800 863 1859 in
887 1818 1017 1862 censum
1044 1802 1150 1863 venire
1174 1821 1238 1863 non
1261 1816 1404 1884 possunt,
1428 1805 1488 1866 nisi

316 1909 371 1965 aut
393 1905 442 1966 sui
466 1905 615 1986 temporis
645 1904 748 1967 fontes
779 1905 858 1968 adiit
888 1912 944 1968 aut
971 1925 1047 1968 suae
1075 1906 1236 1969 doctrinae
1268 1908 1488 1973 additamentis

314 2009 418 2073 fontes
437 2012 536 2092 auxit,
554 2030 659 2094 neque
678 2010 930 2075 obliviscendum
950 2014 1068 2075 estium
1080 2020 1152 2076 ante
1163 2013 1348 2077 Vitruvium
1367 2022 1488 2080 veteres

315 2116 530 2181 aedificavisse
553 2124 584 2181 et
608 2118 647 2181 de
670 2119 879 2182 architectura
902 2120 1018 2201 scripta
1041 2121 1215 2201 reliquisse.

317 2335 320 2339 .
403 2250 516 2334 Neque
539 2271 613 2314 vero
642 2253 776 2315 multum
801 2258 909 2315 nostra
937 2253 1030 2316 refert
1053 2273 1112 2317 nos
1135 2255 1266 2318 minime
1289 2256 1353 2318 iam
1378 2275 1487 2320 omnes

314 2363 460 2421 auctores
484 2359 678 2441 cognovisse,
711 2359 828 2441 quibus
859 2379 938 2422 usus
968 2367 1022 2442 est,
1048 2379 1153 2442 neque
1178 2363 1254 2423 satis
1284 2365 1487 2446 perspexisse,

314 2485 398 2547 quae
426 2465 506 2527 ratio
536 2465 711 2528 intercedat
740 2466 824 2531 hunc
854 2467 937 2528 inter
966 2474 997 2529 et
1026 2467 1106 2530 illos.
1153 2466 1235 2531 Satis
1265 2468 1419 2532 babemus
1442 2472 1488 2531 in·

315 2571 471 2653 tellegere,
496 2572 551 2634 ubi
575 2572 808 2654 antiquioribus
836 2572 1016 2637 auctoribus
1044 2593 1120 2636 usus
1144 2576 1201 2653 sit,
1231 2576 1257 2637 si
1282 2576 1359 2657 quid
1384 2585 1486 2639 tamen

320 2678 353 2738 in
380 2677 429 2740 bis
459 2678 601 2761 partibus
624 2681 855 2761 cognoscimus,
887 2680 972 2761 quod
996 2681 1066 2743 eius
1089 2682 1239 2763 temporis
1270 2686 1301 2744 et
1330 2683 1488 2746 doctrinae

317 2785 480 2867 proprium
504 2790 559 2868 est,
583 2790 619 2847 ut
640 2785 757 2848 indicio
777 2786 868 2848 nobis
888 2788 987 2869 possit
1005 2806 1073 2850 esse
1092 2788 1131 2850 de
1149 2794 1290 2870 tempore
1309 2791 1487 2870 quaerenti-

316 2890 384 2971 bus,
407 2891 507 2954 veluti
530 2892 565 2953 in
588 2892 677 2954 libris
702 2911 784 2954 nono
808 2900 839 2955 et
867 2885 997 2975 decimo,
1030 2895 1085 2975 qui
1114 2896 1170 2957 toti
1200 2894 1265 2958 fere
1295 2914 1337 2958 ox
1361 2895 1487 2959 Graecis

315 2997 458 3060 fontibus
483 2999 652 3082 conscripti
676 3003 760 3081 sunt,
784 3000 894 3062 autin
920 3002 973 3081 eis,
1003 3018 1083 3082 quae
1112 3001 1151 3063 de
1175 3001 1341 3065 ordinibus
1364 3001 1487 3083 Dorico,

316 3104 434 3185 lonico,
455 3103 616 3168 Corinthio
636 3106 688 3168 vel
707 3105 746 3167 de
765 3105 896 3189 balneis,
920 3105 1066 3188 basilicis,
1090 3108 1246 3171 similibus
1265 3109 1368 3191 refert,
1392 3111 1488 3193 respi-

318 3212 437 3275 ciendis
460 3212 509 3273 his
534 3230 660 3294 operam
686 3212 760 3275 dare
784 3213 901 3276 studui.

406 3341 591 3407 (lavandum
615 3350 662 3408 est
684 3351 850 3427 praeterea,
875 3365 917 3409 ue
939 3354 1104 3429 praecepta
1125 3345 1265 3409 Vitruvii
1289 3348 1327 3411 de
1351 3351 1487 3433 singulis

315 3451 412 3527 rebus
436 3451 508 3514 data
536 3470 609 3514 oum
640 3454 862 3533 monumentis,
894 3471 975 3535 quae
1004 3453 1043 3515 ad
1072 3472 1134 3521 nos
1163 3462 1385 3536 pervenerunt,
1415 3476 1489 3519 con-

316 3557 452 3621 ferentes
471 3558 696 3641 obliviscamur
714 3578 818 3641 neque
837 3578 961 3641 semper
979 3579 1051 3622 eum
1068 3560 1144 3623 haec
1156 3568 1322 3644 praecepta
1341 3564 1490 3643 petivisse

317 3684 336 3726 a
358 3663 454 3727 rebus
477 3666 563 3747 ipsis,
588 3684 670 3747 quae
689 3684 798 3728 revera
818 3666 993 3732 exstabant.
1017 3668 1072 3729 sed
1092 3686 1185 3749 saepe
1205 3688 1330 3731 normas
1350 3675 1380 3731 et
1399 3688 1490 3753 regu·

317 3772 364 3834 las
386 3772 540 3853 posuisse,
565 3791 645 3853 quas
668 3773 829 3835 architecti
849 3774 941 3854 sequi
960 3774 1111 3838 deberent
1129 3781 1184 3837 aut
1202 3782 1337 3857 possent,
1361 3777 1388 3838 si
1411 3777 1487 3858 quid

316 3877 466 3960 perficere
490 3879 615 3960 vellent,
640 3878 726 3961 quod
749 3880 809 3962 ipsi
833 3880 912 3943 utile
934 3879 1110 3963 videbatur,
1139 3901 1243 3965 neque
1266 3883 1374 3945 omnia
1397 3884 1488 3948 nobis

317 3990 523 4051 monumenta
544 3991 668 4048 servata
691 4004 768 4065 esse,
798 3987 853 4049 sed
877 3988 1049 4050 maximam
1072 4007 1183 4054 eorum
1206 3997 1325 4070 partem
1349 3991 1489 4072 periisse,

319 4097 363 4173 ut,
382 4092 409 4155 si
421 4111 516 4174 quani
529 4090 668 4156 Vitruvii
680 4093 821 4176 regulam
841 4100 965 4157 secutos
984 4113 1052 4158 esse
1070 4095 1255 4158 architectos
1273 4094 1489 4160 aedificiorum

319 4199 516 4281 quorundam
541 4200 770 4285 cognoscimus,
794 4219 876 4282 quae
899 4201 986 4264 illius
1005 4203 1100 4264 aetati
1119 4201 1288 4264 tribuenda
1311 4210 1392 4283 sunt,
1417 4204 1489 4266 inde

317 4306 448 4369 minime
472 4311 556 4369 certa
578 4293 767 4389 argumenta
785 4309 853 4390 capi
876 4309 1000 4390 possint
1018 4307 1059 4371 ad
1078 4315 1211 4391 tempus,
1236 4327 1299 4390 quo
1318 4308 1373 4372 ille
1391 4311 1489 4394 scrip·
