<?xml version="1.0" encoding="UTF-8"?>
<!DOCTYPE html PUBLIC "-//W3C//DTD XHTML 1.0 Transitional//EN"
    "http://www.w3.org/TR/xhtml1/DTD/xhtml1-transitional.dtd">
<html xmlns="http://www.w3.org/1999/xhtml" xml:lang="en" lang="en">
 <head>
  <title>
</title>
<meta http-equiv="Content-Type" content="text/html;charset=utf-8" />
  <meta name='ocr-system' content='tesseract 3.04.00' />
  <meta name='ocr-capabilities' content='ocr_page ocr_carea ocr_par ocr_line ocrx_word'/>
</head>
<body>
  <div class='ocr_page' id='page_1' title='image "./quaestionumvitr01dietgoog_0010.png"; bbox 0 0 3509 5292; ppageno 0'>
   <div class='ocr_carea' id='block_1_1' title="bbox 795 535 993 596">
    <p class='ocr_par' dir='ltr' id='par_1_1' title="bbox 795 535 993 596">
     <span class='ocr_line' id='line_1_1' title="bbox 795 535 993 596; baseline -0.005 -16"><span class='ocrx_word' id='word_1_1' title='bbox 795 535 993 596; x_wconf 78' lang='grc'>..6.-</span> 
     </span>
    </p>
   </div>
   <div class='ocr_carea' id='block_1_2' title="bbox 303 711 1492 4099">
    <p class='ocr_par' dir='ltr' id='par_1_2' title="bbox 306 711 1492 2820">
     <span class='ocr_line' id='line_1_2' title="bbox 309 711 1489 794; baseline 0.002 -23"><span class='ocrx_word' id='word_1_2' title='bbox 309 712 479 775; x_wconf 85' lang='lat' dir='ltr'><strong>Vitruvius</strong></span> <span class='ocrx_word' id='word_1_3' title='bbox 498 714 740 775; x_wconf 83' lang='lat' dir='ltr'><strong>monumentum</strong></span> <span class='ocrx_word' id='word_1_4' title='bbox 757 712 917 794; x_wconf 83' lang='lat' dir='ltr'><strong>quoddam</strong></span> <span class='ocrx_word' id='word_1_5' title='bbox 933 713 1006 774; x_wconf 85' lang='lat' dir='ltr'><strong>eius</strong></span> <span class='ocrx_word' id='word_1_6' title='bbox 1019 712 1090 773; x_wconf 85' lang='lat' dir='ltr'><strong>aevi</strong></span> <span class='ocrx_word' id='word_1_7' title='bbox 1101 713 1249 791; x_wconf 89' lang='lat' dir='ltr'><strong>omiserit,</strong></span> <span class='ocrx_word' id='word_1_8' title='bbox 1261 711 1335 773; x_wconf 91' lang='lat' dir='ltr'><strong>dnm</strong></span> <span class='ocrx_word' id='word_1_9' title='bbox 1348 711 1489 793; x_wconf 77' lang='lat' dir='ltr'><strong>aliquod</strong></span> 
     </span>
     <span class='ocr_line' id='line_1_3' title="bbox 309 816 1492 901; baseline -0.002 -20"><span class='ocrx_word' id='word_1_10' title='bbox 309 819 466 901; x_wconf 81' lang='lat' dir='ltr'><strong>posterius</strong></span> <span class='ocrx_word' id='word_1_11' title='bbox 498 819 690 882; x_wconf 84' lang='lat' dir='ltr'><strong>memoravit</strong></span> <span class='ocrx_word' id='word_1_12' title='bbox 746 816 830 880; x_wconf 79' lang='lat' dir='ltr'><strong>Fieri</strong></span> <span class='ocrx_word' id='word_1_13' title='bbox 863 836 1001 901; x_wconf 85' lang='lat' dir='ltr'><strong>namque</strong></span> <span class='ocrx_word' id='word_1_14' title='bbox 1031 820 1143 899; x_wconf 80' lang='lat' dir='ltr'><strong>potuit,</strong></span> <span class='ocrx_word' id='word_1_15' title='bbox 1177 828 1220 897; x_wconf 78' lang='lat' dir='ltr'><strong>ut,</strong></span> <span class='ocrx_word' id='word_1_16' title='bbox 1253 837 1326 880; x_wconf 84' lang='lat' dir='ltr'><strong>cum</strong></span> <span class='ocrx_word' id='word_1_17' title='bbox 1359 818 1492 880; x_wconf 87' lang='lat' dir='ltr'><strong>Auctor</strong></span> 
     </span>
     <span class='ocr_line' id='line_1_4' title="bbox 310 924 1490 1007; baseline -0.001 -21"><span class='ocrx_word' id='word_1_18' title='bbox 310 926 470 1007; x_wconf 89' lang='lat' dir='ltr'><strong>integrum</strong></span> <span class='ocrx_word' id='word_1_19' title='bbox 490 944 569 1007; x_wconf 91' lang='lat' dir='ltr'><strong>opus</strong></span> <span class='ocrx_word' id='word_1_20' title='bbox 588 924 747 1003; x_wconf 78' lang='lat' dir='ltr'>scriberet,</span> <span class='ocrx_word' id='word_1_21' title='bbox 772 943 808 986; x_wconf 90' lang='lat' dir='ltr'><strong>ea</strong></span> <span class='ocrx_word' id='word_1_22' title='bbox 827 925 969 986; x_wconf 93' lang='lat' dir='ltr'><strong>nondum</strong></span> <span class='ocrx_word' id='word_1_23' title='bbox 994 931 1155 987; x_wconf 86' lang='lat' dir='ltr'><strong>exstarent</strong></span> <span class='ocrx_word' id='word_1_24' title='bbox 1178 926 1210 986; x_wconf 91' lang='lat' dir='ltr'><strong>et</strong></span> <span class='ocrx_word' id='word_1_25' title='bbox 1232 925 1379 1006; x_wconf 81' lang='lat' dir='ltr'><strong>sequenti</strong></span> <span class='ocrx_word' id='word_1_26' title='bbox 1405 932 1490 987; x_wconf 91' lang='lat' dir='ltr'><strong>tem·</strong></span> 
     </span>
     <span class='ocr_line' id='line_1_5' title="bbox 308 1020 1487 1114; baseline -0.001 -20"><span class='ocrx_word' id='word_1_27' title='bbox 308 1051 393 1114; x_wconf 80' lang='lat' dir='ltr'><strong>pore,</strong></span> <span class='ocrx_word' id='word_1_28' title='bbox 417 1020 502 1114; x_wconf 88' lang='lat' dir='ltr'><strong>quod</strong></span> <span class='ocrx_word' id='word_1_29' title='bbox 526 1033 608 1094; x_wconf 91' lang='lat' dir='ltr'><strong>inter</strong></span> <span class='ocrx_word' id='word_1_30' title='bbox 631 1030 741 1113; x_wconf 85' lang='lat' dir='ltr'><strong>Operis</strong></span> <span class='ocrx_word' id='word_1_31' title='bbox 769 1032 1033 1113; x_wconf 84' lang='lat' dir='ltr'><strong>conscriptionem</strong></span> <span class='ocrx_word' id='word_1_32' title='bbox 1064 1040 1096 1093; x_wconf 90' lang='lat' dir='ltr'><strong>et</strong></span> <span class='ocrx_word' id='word_1_33' title='bbox 1125 1029 1354 1093; x_wconf 83' lang='lat' dir='ltr'><strong>dedicationem</strong></span> <span class='ocrx_word' id='word_1_34' title='bbox 1385 1035 1487 1093; x_wconf 86' lang='lat' dir='ltr'><strong>inter-</strong></span> 
     </span>
     <span class='ocr_line' id='line_1_6' title="bbox 308 1136 1488 1220; baseline -0.002 -19"><span class='ocrx_word' id='word_1_35' title='bbox 308 1140 411 1217; x_wconf 82' lang='lat' dir='ltr'><strong>cessit,</strong></span> <span class='ocrx_word' id='word_1_36' title='bbox 435 1138 598 1201; x_wconf 88' lang='lat' dir='ltr'><strong>aediticata</strong></span> <span class='ocrx_word' id='word_1_37' title='bbox 620 1138 751 1217; x_wconf 81' lang='lat' dir='ltr'><strong>tuerint3</strong></span> <span class='ocrx_word' id='word_1_38' title='bbox 782 1138 919 1220; x_wconf 89' lang='lat' dir='ltr'><strong>ideoque</strong></span> <span class='ocrx_word' id='word_1_39' title='bbox 942 1157 1014 1200; x_wconf 89' lang='lat' dir='ltr'><strong>curn</strong></span> <span class='ocrx_word' id='word_1_40' title='bbox 1038 1157 1097 1200; x_wconf 90' lang='lat' dir='ltr'><strong>sua</strong></span> <span class='ocrx_word' id='word_1_41' title='bbox 1120 1138 1284 1199; x_wconf 87' lang='lat' dir='ltr'><strong>volumina</strong></span> <span class='ocrx_word' id='word_1_42' title='bbox 1307 1136 1488 1200; x_wconf 88' lang='lat' dir='ltr'><strong>Octaviano</strong></span> 
     </span>
     <span class='ocr_line' id='line_1_7' title="bbox 309 1242 1488 1325; baseline -0.001 -18"><span class='ocrx_word' id='word_1_43' title='bbox 309 1246 422 1324; x_wconf 75' lang='lat' dir='ltr'><strong>ederet,</strong></span> <span class='ocrx_word' id='word_1_44' title='bbox 454 1263 564 1307; x_wconf 91' lang='lat' dir='ltr'><strong>eorum</strong></span> <span class='ocrx_word' id='word_1_45' title='bbox 595 1245 729 1307; x_wconf 89' lang='lat' dir='ltr'><strong>alicuius</strong></span> <span class='ocrx_word' id='word_1_46' title='bbox 758 1245 978 1307; x_wconf 89' lang='lat' dir='ltr'><strong>tantummodo</strong></span> <span class='ocrx_word' id='word_1_47' title='bbox 1007 1245 1059 1307; x_wconf 87' lang='lat' dir='ltr'><strong>vel</strong></span> <span class='ocrx_word' id='word_1_48' title='bbox 1090 1264 1148 1307; x_wconf 88' lang='lat' dir='ltr'><strong>suo</strong></span> <span class='ocrx_word' id='word_1_49' title='bbox 1179 1244 1296 1306; x_wconf 89' lang='lat' dir='ltr'><strong>iudicio</strong></span> <span class='ocrx_word' id='word_1_50' title='bbox 1326 1242 1488 1325; x_wconf 87' lang='lat' dir='ltr'><strong>dignioris</strong></span> 
     </span>
     <span class='ocr_line' id='line_1_8' title="bbox 309 1350 1485 1435; baseline 0.002 -24"><span class='ocrx_word' id='word_1_51' title='bbox 309 1353 361 1415; x_wconf 89' lang='lat' dir='ltr'><strong>vel</strong></span> <span class='ocrx_word' id='word_1_52' title='bbox 391 1353 491 1435; x_wconf 90' lang='lat' dir='ltr'><strong>magis</strong></span> <span class='ocrx_word' id='word_1_53' title='bbox 523 1353 556 1413; x_wconf 92' lang='lat' dir='ltr'><strong>in</strong></span> <span class='ocrx_word' id='word_1_54' title='bbox 587 1371 654 1414; x_wconf 89' lang='lat' dir='ltr'><strong>rem</strong></span> <span class='ocrx_word' id='word_1_55' title='bbox 684 1351 828 1414; x_wconf 82' lang='lat' dir='ltr'><strong>facientis</strong></span> <span class='ocrx_word' id='word_1_56' title='bbox 862 1354 1052 1413; x_wconf 87' lang='lat' dir='ltr'><strong>mentionem</strong></span> <span class='ocrx_word' id='word_1_57' title='bbox 1086 1358 1162 1414; x_wconf 86' lang='lat' dir='ltr'><strong>tuno</strong></span> <span class='ocrx_word' id='word_1_58' title='bbox 1192 1350 1360 1426; x_wconf 85' lang='lat' dir='ltr'><strong>addiderit3</strong></span> <span class='ocrx_word' id='word_1_59' title='bbox 1396 1352 1485 1432; x_wconf 87' lang='lat' dir='ltr'><strong>quod</strong></span> 
     </span>
     <span class='ocr_line' id='line_1_9' title="bbox 307 1456 1487 1541; baseline 0 -20"><span class='ocrx_word' id='word_1_60' title='bbox 307 1460 491 1541; x_wconf 89' lang='lat' dir='ltr'><strong>praesertim</strong></span> <span class='ocrx_word' id='word_1_61' title='bbox 520 1459 637 1521; x_wconf 87' lang='lat' dir='ltr'><strong>factum</strong></span> <span class='ocrx_word' id='word_1_62' title='bbox 668 1458 794 1520; x_wconf 86' lang='lat' dir='ltr'><strong>videtur</strong></span> <span class='ocrx_word' id='word_1_63' title='bbox 823 1459 857 1519; x_wconf 94' lang='lat' dir='ltr'><strong>in</strong></span> <span class='ocrx_word' id='word_1_64' title='bbox 888 1458 1097 1539; x_wconf 87' lang='lat' dir='ltr'><strong>descriptione</strong></span> <span class='ocrx_word' id='word_1_65' title='bbox 1129 1458 1285 1519; x_wconf 80' lang='lat' dir='ltr'><strong>Basilicas</strong></span> <span class='ocrx_word' id='word_1_66' title='bbox 1315 1456 1487 1537; x_wconf 73' lang='lat' dir='ltr'><strong>FanestriS,</strong></span> 
     </span>
     <span class='ocr_line' id='line_1_10' title="bbox 309 1564 1485 1647; baseline -0.002 -20"><span class='ocrx_word' id='word_1_67' title='bbox 309 1565 364 1627; x_wconf 93' lang='lat' dir='ltr'><strong>uhi</strong></span> <span class='ocrx_word' id='word_1_68' title='bbox 383 1566 520 1647; x_wconf 80' lang='lat' dir='ltr'><strong>Augusti</strong></span> <span class='ocrx_word' id='word_1_69' title='bbox 541 1566 658 1627; x_wconf 89' lang='lat' dir='ltr'><strong>mentio</strong></span> <span class='ocrx_word' id='word_1_70' title='bbox 678 1570 739 1643; x_wconf 77' lang='lat' dir='ltr'><strong>est3</strong></span> <span class='ocrx_word' id='word_1_71' title='bbox 762 1583 800 1627; x_wconf 87' lang='lat' dir='ltr'><strong>ea</strong></span> <span class='ocrx_word' id='word_1_72' title='bbox 818 1582 956 1646; x_wconf 89' lang='lat' dir='ltr'><strong>namque</strong></span> <span class='ocrx_word' id='word_1_73' title='bbox 976 1564 1143 1645; x_wconf 85' lang='lat' dir='ltr'><strong>descriptio</strong></span> <span class='ocrx_word' id='word_1_74' title='bbox 1161 1582 1316 1646; x_wconf 85' lang='lat' dir='ltr'><strong>parergon</strong></span> <span class='ocrx_word' id='word_1_75' title='bbox 1338 1572 1485 1647; x_wconf 84' lang='lat' dir='ltr'><strong>apparet:</strong></span> 
     </span>
     <span class='ocr_line' id='line_1_11' title="bbox 308 1669 1486 1753; baseline -0.001 -20"><span class='ocrx_word' id='word_1_76' title='bbox 308 1673 474 1734; x_wconf 86' lang='lat' dir='ltr'><strong>manifesta</strong></span> <span class='ocrx_word' id='word_1_77' title='bbox 496 1673 626 1753; x_wconf 89' lang='lat' dir='ltr'><strong>insuper</strong></span> <span class='ocrx_word' id='word_1_78' title='bbox 649 1673 719 1733; x_wconf 90' lang='lat' dir='ltr'><strong>eins</strong></span> <span class='ocrx_word' id='word_1_79' title='bbox 739 1671 902 1734; x_wconf 81' lang='lat' dir='ltr'><strong>addendae</strong></span> <span class='ocrx_word' id='word_1_80' title='bbox 925 1673 1004 1733; x_wconf 90' lang='lat' dir='ltr'><strong>ratio</strong></span> <span class='ocrx_word' id='word_1_81' title='bbox 1028 1677 1083 1747; x_wconf 76' lang='lat' dir='ltr'><strong>est,</strong></span> <span class='ocrx_word' id='word_1_82' title='bbox 1114 1690 1185 1732; x_wconf 86' lang='lat' dir='ltr'><strong>curn</strong></span> <span class='ocrx_word' id='word_1_83' title='bbox 1211 1669 1249 1733; x_wconf 89' lang='lat' dir='ltr'><strong>de</strong></span> <span class='ocrx_word' id='word_1_84' title='bbox 1273 1669 1416 1733; x_wconf 85' lang='lat' dir='ltr'><strong>aedificio</strong></span> <span class='ocrx_word' id='word_1_85' title='bbox 1440 1671 1486 1732; x_wconf 85' lang='lat' dir='ltr'><strong>ab</strong></span> 
     </span>
     <span class='ocr_line' id='line_1_12' title="bbox 307 1775 1482 1860; baseline -0.002 -19"><span class='ocrx_word' id='word_1_86' title='bbox 307 1796 342 1841; x_wconf 88' lang='lat' dir='ltr'><strong>se</strong></span> <span class='ocrx_word' id='word_1_87' title='bbox 366 1784 543 1841; x_wconf 87' lang='lat' dir='ltr'><strong>constructo</strong></span> <span class='ocrx_word' id='word_1_88' title='bbox 568 1796 619 1840; x_wconf 88' lang='lat' dir='ltr'><strong>res</strong></span> <span class='ocrx_word' id='word_1_89' title='bbox 640 1778 689 1858; x_wconf 62' lang='lat' dir='ltr'><strong>sit,</strong></span> <span class='ocrx_word' id='word_1_90' title='bbox 719 1779 806 1839; x_wconf 92' lang='lat' dir='ltr'><strong>etin</strong></span> <span class='ocrx_word' id='word_1_91' title='bbox 832 1797 895 1859; x_wconf 92' lang='lat' dir='ltr'><strong>quo</strong></span> <span class='ocrx_word' id='word_1_92' title='bbox 920 1775 1129 1840; x_wconf 87' lang='lat' dir='ltr'><strong>describendo</strong></span> <span class='ocrx_word' id='word_1_93' title='bbox 1153 1779 1293 1858; x_wconf 90' lang='lat' dir='ltr'><strong>Augusti</strong></span> <span class='ocrx_word' id='word_1_94' title='bbox 1324 1778 1482 1860; x_wconf 87' lang='lat' dir='ltr'><strong>templum</strong></span> 
     </span>
     <span class='ocr_line' id='line_1_13' title="bbox 308 1884 1484 1966; baseline -0.002 -19"><span class='ocrx_word' id='word_1_95' title='bbox 308 1884 383 1948; x_wconf 91' lang='lat' dir='ltr'><strong>alibi</strong></span> <span class='ocrx_word' id='word_1_96' title='bbox 406 1904 468 1946; x_wconf 95' lang='lat' dir='ltr'><strong>non</strong></span> <span class='ocrx_word' id='word_1_97' title='bbox 494 1887 690 1947; x_wconf 92' lang='lat' dir='ltr'><strong>nominatum</strong></span> <span class='ocrx_word' id='word_1_98' title='bbox 713 1884 857 1964; x_wconf 81' lang='lat' dir='ltr'><strong>refertur,</strong></span> <span class='ocrx_word' id='word_1_99' title='bbox 880 1885 924 1945; x_wconf 88' lang='lat' dir='ltr'><strong>ita</strong></span> <span class='ocrx_word' id='word_1_100' title='bbox 948 1892 983 1946; x_wconf 92' lang='lat' dir='ltr'><strong>ut</strong></span> <span class='ocrx_word' id='word_1_101' title='bbox 1005 1884 1115 1946; x_wconf 89' lang='lat' dir='ltr'><strong>eodem</strong></span> <span class='ocrx_word' id='word_1_102' title='bbox 1140 1889 1280 1966; x_wconf 89' lang='lat' dir='ltr'><strong>tempore</strong></span> <span class='ocrx_word' id='word_1_103' title='bbox 1305 1886 1427 1946; x_wconf 89' lang='lat' dir='ltr'><strong>Auctor</strong></span> <span class='ocrx_word' id='word_1_104' title='bbox 1451 1893 1484 1946; x_wconf 90' lang='lat' dir='ltr'><strong>et</strong></span> 
     </span>
     <span class='ocr_line' id='line_1_14' title="bbox 308 1988 1486 2074; baseline -0.003 -20"><span class='ocrx_word' id='word_1_105' title='bbox 308 1997 454 2074; x_wconf 89' lang='lat' dir='ltr'><strong>Augusto</strong></span> <span class='ocrx_word' id='word_1_106' title='bbox 474 1998 505 2054; x_wconf 90' lang='lat' dir='ltr'><strong>et</strong></span> <span class='ocrx_word' id='word_1_107' title='bbox 524 1991 583 2054; x_wconf 87' lang='lat' dir='ltr'><strong>sibi</strong></span> <span class='ocrx_word' id='word_1_108' title='bbox 602 2010 745 2074; x_wconf 90' lang='lat' dir='ltr'><strong>peream</strong></span> <span class='ocrx_word' id='word_1_109' title='bbox 766 1991 958 2053; x_wconf 89' lang='lat' dir='ltr'><strong>additionem</strong></span> <span class='ocrx_word' id='word_1_110' title='bbox 976 1989 1233 2072; x_wconf 79' lang='lat' dir='ltr'><strong>gratificaretur.“</strong></span> <span class='ocrx_word' id='word_1_111' title='bbox 1268 1988 1357 2064; x_wconf 82' lang='lat' dir='ltr'><strong>Quae</strong></span> <span class='ocrx_word' id='word_1_112' title='bbox 1376 1990 1486 2070; x_wconf 79' lang='lat' dir='ltr'><strong>verba,</strong></span> 
     </span>
     <span class='ocr_line' id='line_1_15' title="bbox 308 2096 1482 2181; baseline -0.003 -20"><span class='ocrx_word' id='word_1_113' title='bbox 308 2118 444 2181; x_wconf 91' lang='lat' dir='ltr'><strong>quorum</strong></span> <span class='ocrx_word' id='word_1_114' title='bbox 462 2099 555 2160; x_wconf 78' lang='lat' dir='ltr'><strong>velim</strong></span> <span class='ocrx_word' id='word_1_115' title='bbox 576 2098 751 2161; x_wconf 84' lang='lat' dir='ltr'><strong>recorderis</strong></span> <span class='ocrx_word' id='word_1_116' title='bbox 769 2099 803 2159; x_wconf 92' lang='lat' dir='ltr'><strong>in</strong></span> <span class='ocrx_word' id='word_1_117' title='bbox 822 2097 886 2160; x_wconf 88' lang='lat' dir='ltr'><strong>fine</strong></span> <span class='ocrx_word' id='word_1_118' title='bbox 906 2097 1145 2176; x_wconf 73' lang='lat' dir='ltr'><strong>dissertationis,</strong></span> <span class='ocrx_word' id='word_1_119' title='bbox 1166 2098 1280 2159; x_wconf 91' lang='lat' dir='ltr'><strong>mirum</strong></span> <span class='ocrx_word' id='word_1_120' title='bbox 1299 2098 1331 2158; x_wconf 96' lang='lat' dir='ltr'><strong>in</strong></span> <span class='ocrx_word' id='word_1_121' title='bbox 1350 2096 1482 2158; x_wconf 89' lang='lat' dir='ltr'><strong>modurn</strong></span> 
     </span>
     <span class='ocr_line' id='line_1_16' title="bbox 307 2202 1486 2288; baseline -0.001 -22"><span class='ocrx_word' id='word_1_122' title='bbox 307 2211 488 2287; x_wconf 86' lang='lat' dir='ltr'><strong>congruunt</strong></span> <span class='ocrx_word' id='word_1_123' title='bbox 516 2225 588 2267; x_wconf 90' lang='lat' dir='ltr'><strong>com</strong></span> <span class='ocrx_word' id='word_1_124' title='bbox 617 2207 671 2284; x_wconf 80' lang='lat' dir='ltr'><strong>eis,</strong></span> <span class='ocrx_word' id='word_1_125' title='bbox 700 2223 782 2288; x_wconf 90' lang='lat' dir='ltr'><strong>quae</strong></span> <span class='ocrx_word' id='word_1_126' title='bbox 810 2206 879 2286; x_wconf 90' lang='lat' dir='ltr'><strong>ipse</strong></span> <span class='ocrx_word' id='word_1_127' title='bbox 906 2206 1015 2266; x_wconf 84' lang='lat' dir='ltr'><strong>inveni</strong></span> <span class='ocrx_word' id='word_1_128' title='bbox 1044 2206 1104 2266; x_wconf 90' lang='lat' dir='ltr'><strong>iam</strong></span> <span class='ocrx_word' id='word_1_129' title='bbox 1129 2210 1300 2285; x_wconf 90' lang='lat' dir='ltr'><strong>antequam</strong></span> <span class='ocrx_word' id='word_1_130' title='bbox 1323 2202 1486 2265; x_wconf 88' lang='lat' dir='ltr'><strong>Marinius</strong></span> 
     </span>
     <span class='ocr_line' id='line_1_17' title="bbox 308 2309 1482 2394; baseline -0.002 -21"><span class='ocrx_word' id='word_1_131' title='bbox 308 2312 386 2373; x_wconf 91' lang='lat' dir='ltr'><strong>mihi</strong></span> <span class='ocrx_word' id='word_1_132' title='bbox 408 2312 606 2374; x_wconf 89' lang='lat' dir='ltr'><strong>innotuisset.</strong></span> <span class='ocrx_word' id='word_1_133' title='bbox 653 2314 793 2394; x_wconf 90' lang='lat' dir='ltr'><strong>Apparet</strong></span> <span class='ocrx_word' id='word_1_134' title='bbox 814 2318 927 2373; x_wconf 86' lang='lat' dir='ltr'><strong>autem</strong></span> <span class='ocrx_word' id='word_1_135' title='bbox 953 2330 995 2373; x_wconf 85' lang='lat' dir='ltr'><strong>ex</strong></span> <span class='ocrx_word' id='word_1_136' title='bbox 1019 2310 1123 2373; x_wconf 89' lang='lat' dir='ltr'><strong>verbis</strong></span> <span class='ocrx_word' id='word_1_137' title='bbox 1150 2311 1218 2373; x_wconf 90' lang='lat' dir='ltr'><strong>eius</strong></span> <span class='ocrx_word' id='word_1_138' title='bbox 1246 2309 1427 2372; x_wconf 88' lang='lat' dir='ltr'><strong>Vitruvium</strong></span> <span class='ocrx_word' id='word_1_139' title='bbox 1451 2310 1482 2371; x_wconf 90' lang='lat' dir='ltr'><strong>ei</strong></span> 
     </span>
     <span class='ocr_line' id='line_1_18' title="bbox 308 2418 1482 2501; baseline 0.003 -24"><span class='ocrx_word' id='word_1_140' title='bbox 308 2418 410 2480; x_wconf 90' lang='lat' dir='ltr'><strong>videri</strong></span> <span class='ocrx_word' id='word_1_141' title='bbox 434 2419 596 2500; x_wconf 90' lang='lat' dir='ltr'><strong>scripsisse</strong></span> <span class='ocrx_word' id='word_1_142' title='bbox 619 2419 730 2500; x_wconf 91' lang='lat' dir='ltr'><strong>primis</strong></span> <span class='ocrx_word' id='word_1_143' title='bbox 756 2419 949 2501; x_wconf 88' lang='lat' dir='ltr'><strong>principatus</strong></span> <span class='ocrx_word' id='word_1_144' title='bbox 974 2418 1112 2498; x_wconf 85' lang='lat' dir='ltr'><strong>Augusti</strong></span> <span class='ocrx_word' id='word_1_145' title='bbox 1136 2418 1235 2497; x_wconf 81' lang='lat' dir='ltr'><strong>annis,</strong></span> <span class='ocrx_word' id='word_1_146' title='bbox 1259 2418 1287 2479; x_wconf 87' lang='lat' dir='ltr'><strong>h.</strong></span> <span class='ocrx_word' id='word_1_147' title='bbox 1307 2435 1332 2479; x_wconf 91' lang='lat' dir='ltr'><strong>e.</strong></span> <span class='ocrx_word' id='word_1_148' title='bbox 1356 2422 1430 2478; x_wconf 90' lang='lat' dir='ltr'><strong>ante</strong></span> <span class='ocrx_word' id='word_1_149' title='bbox 1454 2436 1482 2480; x_wconf 89' lang='lat' dir='ltr'><strong>a.</strong></span> 
     </span>
     <span class='ocr_line' id='line_1_19' title="bbox 306 2522 1485 2607; baseline -0.003 -20"><span class='ocrx_word' id='word_1_150' title='bbox 306 2526 358 2604; x_wconf 74' lang='lat'><strong>27,</strong></span> <span class='ocrx_word' id='word_1_151' title='bbox 388 2525 421 2587; x_wconf 92' lang='lat' dir='ltr'><strong>id</strong></span> <span class='ocrx_word' id='word_1_152' title='bbox 452 2524 536 2607; x_wconf 92' lang='lat' dir='ltr'><strong>qnod</strong></span> <span class='ocrx_word' id='word_1_153' title='bbox 562 2544 602 2587; x_wconf 82' lang='lat' dir='ltr'><strong>ex</strong></span> <span class='ocrx_word' id='word_1_154' title='bbox 630 2525 735 2588; x_wconf 91' lang='lat' dir='ltr'><strong>verbis</strong></span> <span class='ocrx_word' id='word_1_155' title='bbox 759 2525 829 2587; x_wconf 90' lang='lat' dir='ltr'><strong>eius</strong></span> <span class='ocrx_word' id='word_1_156' title='bbox 853 2524 893 2586; x_wconf 92' lang='lat' dir='ltr'><strong>de</strong></span> <span class='ocrx_word' id='word_1_157' title='bbox 917 2523 1046 2585; x_wconf 86' lang='lat' dir='ltr'><strong>basilica</strong></span> <span class='ocrx_word' id='word_1_158' title='bbox 1068 2523 1211 2586; x_wconf 87' lang='lat' dir='ltr'><strong>Fanestri</strong></span> <span class='ocrx_word' id='word_1_159' title='bbox 1239 2525 1309 2585; x_wconf 90' lang='lat' dir='ltr'><strong>iure</strong></span> <span class='ocrx_word' id='word_1_160' title='bbox 1332 2522 1485 2604; x_wconf 84' lang='lat' dir='ltr'><strong>colligere</strong></span> 
     </span>
     <span class='ocr_line' id='line_1_20' title="bbox 306 2630 1484 2714; baseline -0.001 -21"><span class='ocrx_word' id='word_1_161' title='bbox 306 2632 388 2710; x_wconf 81' lang='lat' dir='ltr'><strong>licet,</strong></span> <span class='ocrx_word' id='word_1_162' title='bbox 419 2639 513 2713; x_wconf 91' lang='lat' dir='ltr'><strong>atque</strong></span> <span class='ocrx_word' id='word_1_163' title='bbox 539 2632 703 2714; x_wconf 90' lang='lat' dir='ltr'><strong>aliquanto</strong></span> <span class='ocrx_word' id='word_1_164' title='bbox 734 2638 807 2713; x_wconf 89' lang='lat' dir='ltr'><strong>post</strong></span> <span class='ocrx_word' id='word_1_165' title='bbox 838 2630 967 2693; x_wconf 91' lang='lat' dir='ltr'><strong>demum</strong></span> <span class='ocrx_word' id='word_1_166' title='bbox 998 2630 1094 2693; x_wconf 91' lang='lat' dir='ltr'><strong>libros</strong></span> <span class='ocrx_word' id='word_1_167' title='bbox 1122 2630 1342 2692; x_wconf 85' lang='lat' dir='ltr'><strong>additamentis</strong></span> <span class='ocrx_word' id='word_1_168' title='bbox 1370 2638 1484 2692; x_wconf 89' lang='lat' dir='ltr'><strong>auctos</strong></span> 
     </span>
     <span class='ocr_line' id='line_1_21' title="bbox 306 2736 1259 2820; baseline -0.002 -20"><span class='ocrx_word' id='word_1_169' title='bbox 306 2737 452 2801; x_wconf 91' lang='lat' dir='ltr'><strong>edidisse.</strong></span> <span class='ocrx_word' id='word_1_170' title='bbox 499 2736 590 2813; x_wconf 81' lang='lat' dir='ltr'><strong>Quod</strong></span> <span class='ocrx_word' id='word_1_171' title='bbox 615 2738 729 2800; x_wconf 85' lang='lat' dir='ltr'><strong>vellem</strong></span> <span class='ocrx_word' id='word_1_172' title='bbox 753 2738 814 2799; x_wconf 86' lang='lat' dir='ltr'><strong>viri</strong></span> <span class='ocrx_word' id='word_1_173' title='bbox 839 2738 923 2799; x_wconf 90' lang='lat' dir='ltr'><strong>docti</strong></span> <span class='ocrx_word' id='word_1_174' title='bbox 948 2756 1013 2799; x_wconf 93' lang='lat' dir='ltr'><strong>non</strong></span> <span class='ocrx_word' id='word_1_175' title='bbox 1036 2738 1259 2820; x_wconf 82' lang='lat' dir='ltr'><strong>neglexissent.</strong></span> 
     </span>
    </p>

    <p class='ocr_par' dir='ltr' id='par_1_3' title="bbox 303 2842 1484 4099">
     <span class='ocr_line' id='line_1_22' title="bbox 396 2842 1480 2927; baseline -0.002 -21"><span class='ocrx_word' id='word_1_176' title='bbox 396 2842 596 2927; x_wconf 79' lang='lat' dir='ltr'><strong>Quamquam</strong></span> <span class='ocrx_word' id='word_1_177' title='bbox 626 2847 689 2906; x_wconf 84' lang='lat' dir='ltr'><strong>iarn</strong></span> <span class='ocrx_word' id='word_1_178' title='bbox 720 2844 815 2926; x_wconf 87' lang='lat' dir='ltr'><strong>paulo</strong></span> <span class='ocrx_word' id='word_1_179' title='bbox 846 2851 920 2906; x_wconf 89' lang='lat' dir='ltr'><strong>ante</strong></span> <span class='ocrx_word' id='word_1_180' title='bbox 950 2863 1022 2905; x_wconf 90' lang='lat' dir='ltr'><strong>eum</strong></span> <span class='ocrx_word' id='word_1_181' title='bbox 1055 2843 1203 2905; x_wconf 92' lang='lat' dir='ltr'><strong>nonnulli</strong></span> <span class='ocrx_word' id='word_1_182' title='bbox 1237 2844 1297 2905; x_wconf 91' lang='lat' dir='ltr'><strong>viri</strong></span> <span class='ocrx_word' id='word_1_183' title='bbox 1329 2843 1411 2904; x_wconf 91' lang='lat' dir='ltr'><strong>docti</strong></span> <span class='ocrx_word' id='word_1_184' title='bbox 1444 2843 1480 2904; x_wconf 91' lang='lat' dir='ltr'><strong>in</strong></span> 
     </span>
     <span class='ocr_line' id='line_1_23' title="bbox 306 2949 1484 3033; baseline -0.003 -20"><span class='ocrx_word' id='word_1_185' title='bbox 306 2949 404 3013; x_wconf 89' lang='lat' dir='ltr'><strong>Hirtii</strong></span> <span class='ocrx_word' id='word_1_186' title='bbox 435 2953 592 3014; x_wconf 87' lang='lat' dir='ltr'><strong>sententia</strong></span> <span class='ocrx_word' id='word_1_187' title='bbox 621 2970 686 3013; x_wconf 92' lang='lat' dir='ltr'><strong>non</strong></span> <span class='ocrx_word' id='word_1_188' title='bbox 710 2952 936 3033; x_wconf 89' lang='lat' dir='ltr'><strong>acquieverant</strong></span> <span class='ocrx_word' id='word_1_189' title='bbox 959 2958 990 3012; x_wconf 90' lang='lat' dir='ltr'><strong>et</strong></span> <span class='ocrx_word' id='word_1_190' title='bbox 1013 2952 1232 3031; x_wconf 87' lang='lat' dir='ltr'><strong>quaestionem</strong></span> <span class='ocrx_word' id='word_1_191' title='bbox 1261 2949 1347 3011; x_wconf 88' lang='lat' dir='ltr'><strong>illam</strong></span> <span class='ocrx_word' id='word_1_192' title='bbox 1373 2950 1484 3012; x_wconf 89' lang='lat' dir='ltr'><strong>denuo</strong></span> 
     </span>
     <span class='ocr_line' id='line_1_24' title="bbox 306 3054 1481 3137; baseline -0.002 -18"><span class='ocrx_word' id='word_1_193' title='bbox 306 3058 533 3120; x_wconf 89' lang='lat' dir='ltr'><strong>instituendam</strong></span> <span class='ocrx_word' id='word_1_194' title='bbox 554 3065 757 3136; x_wconf 82' lang='lat' dir='ltr'><strong>censuerant3</strong></span> <span class='ocrx_word' id='word_1_195' title='bbox 778 3057 834 3120; x_wconf 89' lang='lat' dir='ltr'><strong>sed</strong></span> <span class='ocrx_word' id='word_1_196' title='bbox 853 3076 926 3119; x_wconf 88' lang='lat' dir='ltr'><strong>cum</strong></span> <span class='ocrx_word' id='word_1_197' title='bbox 947 3054 1174 3135; x_wconf 76' lang='lat' dir='ltr'><strong>Sachsius¹⁸l</strong></span> <span class='ocrx_word' id='word_1_198' title='bbox 1193 3064 1381 3137; x_wconf 90' lang='lat' dir='ltr'><strong>argumento</strong></span> <span class='ocrx_word' id='word_1_199' title='bbox 1401 3074 1481 3137; x_wconf 92' lang='lat' dir='ltr'><strong>quo·</strong></span> 
     </span>
     <span class='ocr_line' id='line_1_25' title="bbox 305 3162 1484 3247; baseline -0.002 -22"><span class='ocrx_word' id='word_1_200' title='bbox 305 3164 376 3225; x_wconf 88' lang='lat' dir='ltr'><strong>dam</strong></span> <span class='ocrx_word' id='word_1_201' title='bbox 401 3165 500 3242; x_wconf 84' lang='lat' dir='ltr'><strong>nisus,</strong></span> <span class='ocrx_word' id='word_1_202' title='bbox 525 3183 588 3246; x_wconf 90' lang='lat' dir='ltr'><strong>quo</strong></span> <span class='ocrx_word' id='word_1_203' title='bbox 613 3184 671 3226; x_wconf 89' lang='lat' dir='ltr'><strong>nos</strong></span> <span class='ocrx_word' id='word_1_204' title='bbox 696 3183 825 3247; x_wconf 91' lang='lat' dir='ltr'><strong>quoqne</strong></span> <span class='ocrx_word' id='word_1_205' title='bbox 849 3164 939 3227; x_wconf 90' lang='lat' dir='ltr'><strong>usuri</strong></span> <span class='ocrx_word' id='word_1_206' title='bbox 963 3183 1083 3243; x_wconf 75' lang='lat' dir='ltr'><strong>sumus,</strong></span> <span class='ocrx_word' id='word_1_207' title='bbox 1106 3163 1312 3226; x_wconf 88' lang='lat' dir='ltr'><strong>contenderet</strong></span> <span class='ocrx_word' id='word_1_208' title='bbox 1335 3162 1484 3224; x_wconf 87' lang='lat' dir='ltr'><strong>Vitruvi-</strong></span> 
     </span>
     <span class='ocr_line' id='line_1_26' title="bbox 305 3269 1483 3353; baseline 0 -22"><span class='ocrx_word' id='word_1_209' title='bbox 305 3289 360 3331; x_wconf 92' lang='lat' dir='ltr'><strong>um</strong></span> <span class='ocrx_word' id='word_1_210' title='bbox 392 3288 454 3331; x_wconf 90' lang='lat' dir='ltr'><strong>non</strong></span> <span class='ocrx_word' id='word_1_211' title='bbox 484 3289 577 3352; x_wconf 90' lang='lat' dir='ltr'><strong>posse</strong></span> <span class='ocrx_word' id='word_1_212' title='bbox 607 3277 678 3353; x_wconf 91' lang='lat' dir='ltr'><strong>post</strong></span> <span class='ocrx_word' id='word_1_213' title='bbox 707 3290 827 3332; x_wconf 89' lang='lat' dir='ltr'><strong>annum</strong></span> <span class='ocrx_word' id='word_1_214' title='bbox 857 3290 884 3332; x_wconf 90' lang='lat' dir='ltr'><strong>a.</strong></span> <span class='ocrx_word' id='word_1_215' title='bbox 909 3269 980 3333; x_wconf 88' lang='lat' dir='ltr'><strong>Chr.</strong></span> <span class='ocrx_word' id='word_1_216' title='bbox 1005 3272 1046 3332; x_wconf 88' lang='lat'><strong>30</strong></span> <span class='ocrx_word' id='word_1_217' title='bbox 1078 3271 1248 3351; x_wconf 85' lang='lat' dir='ltr'><strong>scripsisse,</strong></span> <span class='ocrx_word' id='word_1_218' title='bbox 1279 3288 1362 3331; x_wconf 90' lang='lat' dir='ltr'><strong>anno</strong></span> <span class='ocrx_word' id='word_1_219' title='bbox 1394 3270 1483 3331; x_wconf 80' lang='lat'>1828</span> 
     </span>
     <span class='ocr_line' id='line_1_27' title="bbox 305 3374 1479 3451; baseline -0.001 -13"><span class='ocrx_word' id='word_1_220' title='bbox 305 3374 376 3439; x_wconf 86' lang='lat' dir='ltr'><strong>Chr.</strong></span> <span class='ocrx_word' id='word_1_221' title='bbox 409 3375 459 3440; x_wconf 86' lang='lat' dir='ltr'><strong>Fr.</strong></span> <span class='ocrx_word' id='word_1_222' title='bbox 492 3375 524 3439; x_wconf 77' lang='lat' dir='ltr'>L</span> <span class='ocrx_word' id='word_1_223' title='bbox 558 3375 780 3440; x_wconf 84' lang='lat' dir='ltr'><strong>Schultzius</strong></span> <span class='ocrx_word' id='word_1_224' title='bbox 812 3377 846 3438; x_wconf 92' lang='lat' dir='ltr'><strong>in</strong></span> <span class='ocrx_word' id='word_1_225' title='bbox 880 3376 991 3438; x_wconf 88' lang='lat' dir='ltr'><strong>litteris</strong></span> <span class='ocrx_word' id='word_1_226' title='bbox 1024 3376 1064 3437; x_wconf 87' lang='lat' dir='ltr'><strong>ad</strong></span> <span class='ocrx_word' id='word_1_227' title='bbox 1089 3375 1290 3438; x_wconf 87' lang='lat' dir='ltr'><strong>Goethium</strong></span> <span class='ocrx_word' id='word_1_228' title='bbox 1323 3375 1479 3451; x_wconf 74' lang='lat' dir='ltr'><strong>missis19)</strong></span> 
     </span>
     <span class='ocr_line' id='line_1_28' title="bbox 305 3480 1483 3565; baseline -0.001 -20"><span class='ocrx_word' id='word_1_229' title='bbox 305 3482 402 3546; x_wconf 90' lang='lat' dir='ltr'><strong>libros</strong></span> <span class='ocrx_word' id='word_1_230' title='bbox 421 3483 492 3546; x_wconf 92' lang='lat' dir='ltr'><strong>illos</strong></span> <span class='ocrx_word' id='word_1_231' title='bbox 515 3483 575 3546; x_wconf 93' lang='lat' dir='ltr'><strong>sub</strong></span> <span class='ocrx_word' id='word_1_232' title='bbox 594 3484 736 3545; x_wconf 88' lang='lat' dir='ltr'><strong>Vitruvii</strong></span> <span class='ocrx_word' id='word_1_233' title='bbox 754 3484 883 3546; x_wconf 89' lang='lat' dir='ltr'><strong>nornine</strong></span> <span class='ocrx_word' id='word_1_234' title='bbox 903 3483 1105 3565; x_wconf 88' lang='lat' dir='ltr'><strong>pervulgatos</strong></span> <span class='ocrx_word' id='word_1_235' title='bbox 1124 3481 1247 3544; x_wconf 84' lang='lat' dir='ltr'><strong>decimo</strong></span> <span class='ocrx_word' id='word_1_236' title='bbox 1266 3501 1295 3564; x_wconf 93' lang='lat' dir='ltr'><strong>p.</strong></span> <span class='ocrx_word' id='word_1_237' title='bbox 1315 3480 1386 3543; x_wconf 80' lang='lat' dir='ltr'><strong>(ihr.</strong></span> <span class='ocrx_word' id='word_1_238' title='bbox 1410 3500 1483 3544; x_wconf 86' lang='lat' dir='ltr'><strong>sae·</strong></span> 
     </span>
     <span class='ocr_line' id='line_1_29' title="bbox 305 3588 1482 3674; baseline -0.001 -22"><span class='ocrx_word' id='word_1_239' title='bbox 305 3590 377 3654; x_wconf 92' lang='lat' dir='ltr'><strong>culo</strong></span> <span class='ocrx_word' id='word_1_240' title='bbox 400 3589 439 3652; x_wconf 88' lang='lat' dir='ltr'><strong>ab</strong></span> <span class='ocrx_word' id='word_1_241' title='bbox 463 3591 696 3674; x_wconf 86' lang='lat' dir='ltr'><strong>archiepiscopo</strong></span> <span class='ocrx_word' id='word_1_242' title='bbox 716 3590 850 3653; x_wconf 80' lang='lat' dir='ltr'><strong>Gerbert</strong></span> <span class='ocrx_word' id='word_1_243' title='bbox 873 3591 1005 3671; x_wconf 90' lang='lat' dir='ltr'><strong>scriptos</strong></span> <span class='ocrx_word' id='word_1_244' title='bbox 1029 3594 1061 3651; x_wconf 89' lang='lat' dir='ltr'><strong>et</strong></span> <span class='ocrx_word' id='word_1_245' title='bbox 1079 3588 1228 3650; x_wconf 89' lang='lat' dir='ltr'><strong>Vitruvio</strong></span> <span class='ocrx_word' id='word_1_246' title='bbox 1253 3589 1378 3652; x_wconf 88' lang='lat' dir='ltr'><strong>cuidam</strong></span> <span class='ocrx_word' id='word_1_247' title='bbox 1402 3607 1482 3670; x_wconf 91' lang='lat' dir='ltr'><strong>sup·</strong></span> 
     </span>
     <span class='ocr_line' id='line_1_30' title="bbox 304 3695 1481 3779; baseline -0.001 -21"><span class='ocrx_word' id='word_1_248' title='bbox 304 3698 422 3779; x_wconf 90' lang='lat' dir='ltr'><strong>positos</strong></span> <span class='ocrx_word' id='word_1_249' title='bbox 460 3716 529 3760; x_wconf 90' lang='lat' dir='ltr'><strong>esse</strong></span> <span class='ocrx_word' id='word_1_250' title='bbox 561 3700 683 3776; x_wconf 79' lang='lat' dir='ltr'><strong>statuit3</strong></span> <span class='ocrx_word' id='word_1_251' title='bbox 723 3698 909 3760; x_wconf 87' lang='lat' dir='ltr'><strong>criminatus</strong></span> <span class='ocrx_word' id='word_1_252' title='bbox 942 3701 1046 3758; x_wconf 86' lang='lat' dir='ltr'><strong>autern</strong></span> <span class='ocrx_word' id='word_1_253' title='bbox 1078 3700 1127 3758; x_wconf 87' lang='lat' dir='ltr'><strong>est</strong></span> <span class='ocrx_word' id='word_1_254' title='bbox 1159 3701 1318 3758; x_wconf 87' lang='lat' dir='ltr'><strong>auctorem</strong></span> <span class='ocrx_word' id='word_1_255' title='bbox 1349 3695 1481 3758; x_wconf 91' lang='lat' dir='ltr'><strong>illorum</strong></span> 
     </span>
     <span class='ocr_line' id='line_1_31' title="bbox 303 3800 1472 3885; baseline -0.003 -19"><span class='ocrx_word' id='word_1_256' title='bbox 303 3803 457 3866; x_wconf 90' lang='lat' dir='ltr'><strong>librorum</strong></span> <span class='ocrx_word' id='word_1_257' title='bbox 479 3823 542 3866; x_wconf 94' lang='lat' dir='ltr'><strong>non</strong></span> <span class='ocrx_word' id='word_1_258' title='bbox 562 3804 767 3866; x_wconf 89' lang='lat' dir='ltr'><strong>architectum</strong></span> <span class='ocrx_word' id='word_1_259' title='bbox 786 3803 870 3883; x_wconf 84' lang='lat' dir='ltr'><strong>artis,</strong></span> <span class='ocrx_word' id='word_1_260' title='bbox 896 3821 991 3884; x_wconf 87' lang='lat' dir='ltr'><strong>quam</strong></span> <span class='ocrx_word' id='word_1_261' title='bbox 1010 3800 1223 3885; x_wconf 79' lang='lat' dir='ltr'><strong>profitebatur,</strong></span> <span class='ocrx_word' id='word_1_262' title='bbox 1246 3802 1390 3885; x_wconf 85' lang='lat' dir='ltr'><strong>peritum,</strong></span> <span class='ocrx_word' id='word_1_263' title='bbox 1414 3801 1472 3864; x_wconf 90' lang='lat' dir='ltr'><strong>sed</strong></span> 
     </span>
     <span class='ocr_line' id='line_1_32' title="bbox 303 3908 1484 3993; baseline -0.002 -21"><span class='ocrx_word' id='word_1_264' title='bbox 303 3910 465 3972; x_wconf 85' lang='lat' dir='ltr'><strong>falsarium</strong></span> <span class='ocrx_word' id='word_1_265' title='bbox 495 3917 526 3972; x_wconf 92' lang='lat' dir='ltr'><strong>et</strong></span> <span class='ocrx_word' id='word_1_266' title='bbox 550 3911 709 3973; x_wconf 90' lang='lat' dir='ltr'><strong>hominem</strong></span> <span class='ocrx_word' id='word_1_267' title='bbox 740 3911 886 3991; x_wconf 89' lang='lat' dir='ltr'><strong>ignarum</strong></span> <span class='ocrx_word' id='word_1_268' title='bbox 917 3927 994 3988; x_wconf 80' lang='lat' dir='ltr'><strong>esse,</strong></span> <span class='ocrx_word' id='word_1_269' title='bbox 1027 3910 1082 3993; x_wconf 91' lang='lat' dir='ltr'><strong>qui</strong></span> <span class='ocrx_word' id='word_1_270' title='bbox 1111 3927 1153 3971; x_wconf 92' lang='lat' dir='ltr'><strong>ne</strong></span> <span class='ocrx_word' id='word_1_271' title='bbox 1182 3927 1236 3970; x_wconf 92' lang='lat' dir='ltr'><strong>eas</strong></span> <span class='ocrx_word' id='word_1_272' title='bbox 1267 3908 1394 3990; x_wconf 88' lang='lat' dir='ltr'><strong>quidem</strong></span> <span class='ocrx_word' id='word_1_273' title='bbox 1418 3927 1484 3985; x_wconf 62' lang='lat' dir='ltr'><strong>res.</strong></span> 
     </span>
     <span class='ocr_line' id='line_1_33' title="bbox 308 4014 1479 4099; baseline -0.001 -21"><span class='ocrx_word' id='word_1_274' title='bbox 308 4035 392 4098; x_wconf 88' lang='lat' dir='ltr'><strong>quae</strong></span> <span class='ocrx_word' id='word_1_275' title='bbox 423 4035 500 4078; x_wconf 88' lang='lat' dir='ltr'><strong>suae</strong></span> <span class='ocrx_word' id='word_1_276' title='bbox 530 4018 605 4079; x_wconf 89' lang='lat' dir='ltr'><strong>artis</strong></span> <span class='ocrx_word' id='word_1_277' title='bbox 635 4023 748 4095; x_wconf 81' lang='lat' dir='ltr'><strong>essent,</strong></span> <span class='ocrx_word' id='word_1_278' title='bbox 782 4022 865 4079; x_wconf 90' lang='lat' dir='ltr'><strong>recte</strong></span> <span class='ocrx_word' id='word_1_279' title='bbox 894 4016 1100 4099; x_wconf 88' lang='lat' dir='ltr'><strong>intellegeret,</strong></span> <span class='ocrx_word' id='word_1_280' title='bbox 1133 4014 1190 4077; x_wconf 89' lang='lat' dir='ltr'><strong>sed</strong></span> <span class='ocrx_word' id='word_1_281' title='bbox 1220 4015 1320 4077; x_wconf 87' lang='lat' dir='ltr'><strong>multa</strong></span> <span class='ocrx_word' id='word_1_282' title='bbox 1345 4015 1423 4077; x_wconf 86' lang='lat' dir='ltr'><strong>falsa</strong></span> <span class='ocrx_word' id='word_1_283' title='bbox 1446 4024 1479 4077; x_wconf 91' lang='lat' dir='ltr'><strong>et</strong></span> 
     </span>
    </p>
   </div>
   <div class='ocr_carea' id='block_1_3' title="bbox 307 4188 1482 4401">
    <p class='ocr_par' dir='ltr' id='par_1_4' title="bbox 307 4188 1482 4401">
     <span class='ocr_line' id='line_1_34' title="bbox 307 4188 1482 4315; baseline 0 -73"><span class='ocrx_word' id='word_1_284' title='bbox 307 4260 376 4315; x_wconf 64' lang='grc'>1824</span> <span class='ocrx_word' id='word_1_285' title='bbox 394 4190 554 4314; x_wconf 42' lang='lat' dir='ltr'><strong>ldl-§qchse</strong></span> <span class='ocrx_word' id='word_1_286' title='bbox 580 4191 754 4258; x_wconf 85' lang='lat' dir='ltr'><strong>„Geschichte</strong></span> <span class='ocrx_word' id='word_1_287' title='bbox 778 4191 833 4243; x_wconf 91' lang='lat' dir='ltr'><strong>und</strong></span> <span class='ocrx_word' id='word_1_288' title='bbox 857 4190 1056 4259; x_wconf 86' lang='lat' dir='ltr'><strong>Beschreihung</strong></span> <span class='ocrx_word' id='word_1_289' title='bbox 1083 4190 1129 4241; x_wconf 88' lang='lat' dir='ltr'><strong>der</strong></span> <span class='ocrx_word' id='word_1_290' title='bbox 1154 4189 1225 4242; x_wconf 90' lang='lat' dir='ltr'><strong>alten</strong></span> <span class='ocrx_word' id='word_1_291' title='bbox 1250 4188 1325 4242; x_wconf 83' lang='lat' dir='ltr'><strong>Stadt</strong></span> <span class='ocrx_word' id='word_1_292' title='bbox 1348 4188 1435 4242; x_wconf 69' lang='lat' dir='ltr'><strong>Rom*</strong></span> <span class='ocrx_word' id='word_1_293' title='bbox 1463 4188 1482 4242; x_wconf 85' lang='lat'>1</span> 
     </span>
     <span class='ocr_line' id='line_1_35' title="bbox 394 4278 1052 4401; baseline 0.003 -17"><span class='ocrx_word' id='word_1_294' title='bbox 394 4278 499 4400; x_wconf 56' lang='lat' dir='ltr'><strong>iosias</strong></span> <span class='ocrx_word' id='word_1_295' title='bbox 511 4331 606 4385; x_wconf 73' lang='lat' dir='ltr'><strong>aneu.</strong></span> <span class='ocrx_word' id='word_1_296' title='bbox 625 4332 693 4386; x_wconf 78' lang='lat' dir='ltr'><strong>uus.</strong></span> <span class='ocrx_word' id='word_1_297' title='bbox 712 4333 752 4385; x_wconf 83' lang='lat' dir='ltr'><strong>iv</strong></span> <span class='ocrx_word' id='word_1_298' title='bbox 771 4332 862 4401; x_wconf 79' lang='lat'>(1836)</span> <span class='ocrx_word' id='word_1_299' title='bbox 882 4350 906 4401; x_wconf 79' lang='lat' dir='ltr'><strong>p.</strong></span> <span class='ocrx_word' id='word_1_300' title='bbox 926 4332 977 4386; x_wconf 84' lang='lat'><strong>329</strong></span> <span class='ocrx_word' id='word_1_301' title='bbox 996 4348 1052 4400; x_wconf 79' lang='lat' dir='ltr'><strong>sqq.</strong></span> 
     </span>
    </p>
   </div>
   <div class='ocr_carea' id='block_1_4' title="bbox 0 0 1760 5292">
    <p class='ocr_par' dir='ltr' id='par_1_5' title="bbox 0 0 1760 5292">
     <span class='ocr_line' id='line_1_36' title="bbox 0 0 1760 5292; baseline 0 2"><span class='ocrx_word' id='word_1_302' title='bbox 0 0 1760 5292; x_wconf 95' lang='lat' dir='ltr'><strong> </strong></span> 
     </span>
    </p>
   </div>
  </div>
 </body>
</html>
