3509 5292
769 534 979 595 ..22-

287 732 359 775 rum
392 731 488 775 causa
520 712 676 794 posticum
710 710 869 773 sublatum
903 709 1023 791 666616)
1076 707 1168 783 Quod
1201 710 1230 773 si
1264 727 1380 772 verum
1411 715 1460 789 est

287 838 406 881 novum
426 818 579 882 habemus
598 823 821 901 argumentum
839 817 1063 900 gravissimum
1087 824 1182 899 atque
1206 834 1249 879 ex
1271 816 1388 898 lapide,
1411 815 1459 897 qui

288 944 392 988 errare
410 945 474 988 nou
493 931 604 1009 potest,
627 930 790 1007 sumptum
812 922 1028 987 Vitruvium
1049 941 1121 985 non
1140 923 1279 1004 solum,
1303 940 1401 1005 quae
1422 922 1461 984 de

288 1032 452 1114 porticu,
477 1032 541 1095 sed
566 1031 691 1111 etiam,
715 1049 811 1113 quae
835 1030 879 1092 de
901 1030 993 1092 aede
1016 1030 1097 1112 ipsa
1120 1029 1228 1096 dicit.
1259 1030 1461 1112 scripsisse

288 1145 373 1201 aute
396 1157 536 1201 annum
556 1139 606 1200 33.
655 1137 780 1200 Etenim
804 1136 892 1218 quod
914 1137 1054 1219 porticus
1078 1155 1161 1198 nova
1184 1139 1216 1198 et
1239 1135 1457 1216 bybliothecae

286 1244 355 1307 rito
375 1246 563 1326 imperatore
582 1248 655 1327 igne
666 1249 872 1326 consumptae
890 1251 1063 1325 posteaque
1082 1243 1187 1305 denuo
1206 1244 1376 1306 restitutae
1393 1250 1461 1306 sunt

288 1348 362 1433 (Dio
388 1351 438 1431 66,
463 1352 527 1430 24),
555 1352 710 1413 66611616
734 1350 861 1413 demum
886 1351 1020 1432 tempori
1047 1350 1156 1432 templi
1183 1349 1460 1413 commutationem

288 1456 418 1537 tribuas,
441 1457 511 1520 ideo
530 1458 619 1520 nulla
642 1465 689 1520 est
710 1475 814 1535 causa,
839 1456 922 1539 quia,
946 1462 981 1518 ut
999 1464 1072 1518 ante
1091 1456 1167 1534 dixi,
1193 1457 1401 1518 manifestum
1419 1462 1461 1518 est

291 1569 517 1625 commutatam
542 1582 611 1626 esse
634 1562 766 1626 formam
792 1563 1011 1642 bybliothecae
1035 1562 1246 1625 exstruendae
1269 1582 1378 1625 causa

378 1667 480 1743 Quam
511 1675 734 1732 commutatam
758 1670 890 1731 16661616
914 1688 955 1731 ex
979 1669 1040 1731 alia
1064 1687 1250 1751 quoquere
1273 1687 1462 1751 cognoscere

287 1776 377 1855 licet3
425 1776 594 1839 Vitruvius
630 1777 715 1839 enirn
753 1796 825 1838 cum
868 1776 951 1838 dicat
987 1776 1140 1858 templum
1176 1774 1264 1838 lovis
1301 1776 1462 1838 columnas

288 1882 436 1946 habuisse
455 1885 506 1963 „in
531 1882 682 1945 lateribus
706 1902 779 1946 cum
804 1882 1010 1965 angularibus
1033 1882 1195 1944 6666666ιι
1218 1886 1257 1965 (p.
1279 1882 1332 1963 69,
1357 1884 1397 1945 14
1416 1885 1461 1964 sq)

289 1997 320 2053 61
330 1991 428 2052 forma
439 1991 507 2053 eius
527 1991 559 2052 in
574 1988 758 2072 Capitolinis
777 1989 960 2071 fragmentis
980 1989 1136 2051 delineata
1154 1994 1186 2050 et
1203 1988 1369 2070 reliquiae,
1384 2007 1463 2071 quae

289 2116 393 2178 usque
423 2097 461 2159 ad
491 2097 576 2159 hunc
600 2097 683 2158 diem
713 2097 889 2175 exstant,¹⁷)
921 2095 1027 2157 decem
1059 2100 1180 2157 tantum
1213 2095 1380 2159 columnas
1410 2114 1462 2157 ex·

288 2202 398 2266 hibent
427 2204 461 2264 in
488 2202 707 2282 lateribus;1⁸)
739 2222 802 2284 qua
831 2221 864 2264 re
895 2221 941 2282 ea,
973 2220 1055 2283 quae
1085 2221 1182 2283 supra
1210 2207 1249 2284 tp.
1281 2204 1337 2282 21)
1368 2220 1462 2285 expo-

290 2310 423 2389 suimus,
448 2311 547 2391 magis
572 2311 664 2371 etiam
690 2307 925 2371 confirmantur.

378 2414 500 2496 Systyli
527 2416 694 2498 exemplar,
733 2416 818 2498 quod
850 2413 969 2477 Romae
1002 2421 1111 2495 exstet,
1150 2413 1319 2478 Vitruvius
1356 2416 1463 2479 laudat

289 2542 317 2604 p.
344 2524 394 2602 71,
419 2524 437 2583 3
462 2541 501 2603 sq
532 2522 660 2584 aedem
684 2520 876 2584 Fortunae
900 2520 1102 2603 Equestris
1129 2521 1170 2584 ad
1197 2521 1357 2585 theatrum
1385 2522 1462 2605 lapi·

289 2629 382 2690 deum
416 2629 466 2709 (de
498 2629 557 2690 hoc
589 2629 625 2691 cf.
660 2648 688 2710 p.
724 2628 787 2708 11).
844 2627 996 2691 Dedicata
1028 2628 1082 2689 illa
1114 2648 1198 2691 anno
1231 2648 1258 2690 a.
1292 2626 1364 2692 Chr.
1400 2630 1462 2691 173

288 2733 368 2817 (Liv.
402 2738 457 2817 42,
492 2736 545 2815 10,
580 2736 611 2815 5)
651 2755 734 2797 auno
776 2737 816 2797 92
858 2737 1020 2798 etiamtum
1053 2733 1173 2797 Rornae
1205 2733 1349 2798 exstabat
1388 2735 1463 2816 (Jut.

289 2838 362 2904 Obs.
384 2843 434 2922 53,
457 2842 592 2923 113t319)
616 2842 671 2904 sed
690 2841 805 2904 Tiberii
826 2849 928 2903 aetate
950 2860 1015 2903 non
1039 2842 1102 2903 iam
1125 2840 1225 2904 fuisse
1248 2859 1317 2904 eam
1336 2837 1464 2905 Tacitus

289 2954 421 3011 testatur
452 2950 535 3020 (ann.
567 2948 616 3011 ΙΙΙ
649 2949 712 3030 71),
744 2950 799 3031 qui
830 2954 938 3010 narrat
969 2948 1092 3029 equites
1124 2946 1284 3011 Romanos
1317 2967 1402 3011 anno
1434 2969 1462 3031 p

289 3053 425 3118 611622
451 3056 577 3137 donum,
609 3056 694 3138 quod
724 3074 779 3138 pro
810 3055 994 3118 valetudine
1018 3057 1181 3136 Augustae
1210 3062 1366 3118 voverant
1388 3055 1463 3119 Vor-

289 3169 385 3225 tunae
404 3161 561 3244 Equestri,
586 3182 659 3225 cum
679 3162 802 3224 nullum
825 3162 992 3225 delubrum
1012 3162 1066 3225 tali
1091 3167 1301 3243 cognomento
1324 3163 1358 3224 in
1383 3163 1464 3226 urbe

289 3274 380 3348 esset,
410 3287 506 3351 prope
530 3270 662 3331 Antium
693 3269 725 3329 in
755 3268 852 3329 nobili
881 3268 936 3329 illo
960 3269 1120 3331 Fortunae
1147 3269 1263 3350 templo
1292 3269 1462 3332 locandum

290 3375 459 3437 curavisse.
498 3372 668 3448 Quaeritur
691 3375 796 3457 igitur,
822 3393 894 3436 cum
917 3373 1084 3437 Vitruvius
1102 3374 1210 3437 aedem
1230 3382 1463 3456 commemoret,

290 3500 354 3563 quo
378 3481 442 3544 fere
466 3488 605 3563 tempore
629 3481 730 3544 deleta
754 3483 802 3545 sit.
848 3479 974 3543 Hirtius
1003 3480 1161 3562 quondam
1191 3479 1322 3563 putabat
1344 3482 1461 3546 factum

290 3586 350 3649 hoc
380 3606 447 3650 esse
477 3588 537 3650 sub
566 3587 704 3668 Tiberio,
734 3607 807 3649 6616
837 3586 981 3671 Pompeii
1011 3588 1167 3650 theatrum
1201 3586 1337 3651 flammis
1367 3591 1461 3654 corri-

380 3762 423 3830 16)
442 3764 477 3815 61.
497 3763 597 3816 Becker
616 3781 640 3831 p.
661 3764 676 3817 6
696 3763 721 3817 2.

380 3834 423 3900 17)
442 3834 598 3886 Lanciani
618 3833 718 3899 „Ruins
737 3835 788 3887 and
808 3834 975 3886 excavations
989 3832 1018 3886 of
1030 3832 1133 3887 ancient
1147 3833 1247 3887 Rome“
1268 3831 1335 3886 1897
1355 3852 1381 3902 p.
1395 3836 1460 3888 471:

289 3904 374 3957 There
393 3919 437 3956 are
457 3904 586 3971 exquisite
605 3905 719 3958 remains
738 3905 766 3956 61
784 3904 847 3957 both
865 3906 978 3973 temples
996 3904 1083 3973 [Jovis
1102 3906 1129 3957 61
1147 3904 1265 3973 Iunonis]
1285 3905 1311 3956 in
1331 3921 1361 3959 or
1378 3907 1461 3958 under

289 3976 335 4027 1116
354 3976 451 4027 houses
470 3975 512 4027 via
530 3974 556 4026 di
575 3975 601 4029 S.
622 3976 722 4042 Angelo
740 3977 767 4029 in
786 3975 934 4042 Pescheria,
954 3993 978 4028 n.
993 3976 1018 4030 8.
1037 3975 1090 4028 and
1109 3992 1134 4033 n,
1154 3976 1254 4031 11...
1273 3974 1322 4028 but
1339 3976 1404 4044 they
1417 3991 1461 4029 are

289 4044 400 4098 allowed
418 4048 444 4097 to
463 4046 564 4098 remain
582 4047 609 4098 in
623 4046 689 4098 such
703 4061 719 4099 a
732 4051 798 4100 state
812 4048 841 4099 of
857 4047 962 4114 neglect
975 4047 1027 4101 and
1040 4046 1106 4113 filth,
1126 4047 1184 4098 that
1197 4047 1218 4099 it
1231 4045 1253 4098 is
1267 4046 1363 4115 hardly
1377 4047 1460 4101 worth

290 4116 370 4170 while
390 4121 415 4168 16
434 4120 478 4184 try
497 4122 523 4169 16
542 4118 671 4184 approach
692 4118 773 4177 111661,

291 4187 423 4313 18301419
443 4188 641 4314 Ιίῗῗοὲωἰὴιιηὸς
663 4190 710 4242 der
728 4190 803 4242 Stadt
821 4189 887 4243 Rom
914 4205 965 4242 von
988 4189 1106 4256 Platner,
1132 4188 1248 4255 Bansen,
1275 4188 1392 4242 Gerhard
1411 4193 1459 4241 etc.

361 4291 367 4327 i
409 4301 416 4315 ·
532 4300 538 4326 a
576 4262 644 4316 -3-

381 4328 424 4397 19)
444 4278 574 4398 „Liviusp
588 4332 645 4384 edd.
666 4330 972 4385 Weissenborn-Miller.
1009 4331 1038 4385 X
1055 4348 1081 4399 p.
1100 4330 1161 4385 203.
