3509 5292
732 381 945 442 „79-

255 557 329 620 sisse
338 557 378 639 ⁴⁶)
410 563 442 620 et
470 557 604 620 eandem
635 558 824 619 sententiam
854 556 1054 640 probassqfl)
1083 577 1180 639 quam
1203 565 1234 621 et
1256 556 1426 620 Vitruvius

254 670 286 726 et
312 663 392 726 Iuba
424 665 700 746 pronuntiant-
723 683 870 747 magnam
904 673 1009 727 autem
1042 664 1082 727 de
1115 664 1181 727 Nili
1213 684 1310 727 eursu
1341 664 1424 745 apud

254 776 373 833 veteres
387 770 487 833 fuisse
497 771 722 833 sententiarum
734 770 947 837 diversitatem
958 790 1051 833 nemo
1062 772 1162 834 nescit
1173 809 1215 816 -
1225 776 1256 833 et
1265 771 1425 853 Agrippae

251 877 492 960 descriptionem
517 877 602 940 orbis
626 882 781 939 terrarum
805 897 860 959 pro
886 885 970 940 certo
990 877 1143 941 habemus
1160 877 1331 961 profectam
1355 896 1424 940 esse

252 984 289 1046 ab
319 983 473 1066 indiae)
507 990 542 1046 ut
574 983 749 1046 similitudo
783 983 937 1065 quaedam
971 984 1144 1047 intercedat
1175 986 1257 1047 inter
1288 1003 1361 1047 eum
1395 991 1426 1047 et

253 1090 444 1171 Vitruvium,
477 1092 532 1173 qui
555 1092 624 1174 ipse
648 1109 776 1173 quoque
799 1090 838 1153 ab
862 1089 952 1165 ludia
974 1090 1185 1174 proficiscitur
1206 1092 1246 1174 (p.
1268 1092 1339 1172 190,
1361 1089 1424 1172 13).

252 1195 452 1280 Quamquam
483 1199 613 1260 minime
643 1198 800 1260 contendo
827 1197 1010 1261 Vitruvium
1041 1217 1078 1261 eo
1108 1198 1189 1261 libro
1220 1218 1314 1261 usum
1346 1216 1424 1279 esse,

252 1323 344 1386 quem
368 1309 478 1387 postea
501 1307 668 1387 Augustus
691 1304 790 1366 edidit
814 1324 855 1367 ex
878 1308 987 1387 generi
1010 1306 1242 1368 commentariis
1266 1307 1425 1388 conserip-

252 1416 326 1491 tum,
351 1412 469 1495 quippe
488 1412 539 1474 oui
559 1412 604 1474 rei
622 1413 686 1473 iam
706 1416 884 1493 temporum
904 1413 990 1474 ratio
1003 1411 1104 1475 obstet
1112 1414 1160 1493 ⁴⁹),
1184 1418 1288 1474 tamen
1311 1412 1363 1474 vel
1383 1431 1425 1475 ex

252 1519 482 1581 commentariis
506 1518 696 1601 quibusdam
726 1520 795 1581 eius
820 1519 870 1581 vel
894 1537 967 1580 oum
995 1519 1062 1602 ipso
1087 1518 1262 1581 collocutus
1285 1519 1336 1580 vel
1359 1518 1422 1581 alio

254 1625 341 1687 modo
374 1626 550 1687 doctrinam
583 1627 651 1687 eius
683 1631 786 1708 potest
818 1626 1013 1706 cognovisse.
1059 1624 1122 1688 Sed
1149 1631 1222 1688 utut
1250 1630 1305 1705 est,
1339 1631 1422 1688 oerte

254 1728 343 1794 Oderi
382 1733 564 1794 coniectura
598 1733 729 1795 minime
766 1738 828 1795 tam
863 1731 995 1814 probata
1027 1732 1106 1793 mihi
1138 1738 1192 1811 est,
1233 1734 1270 1793 ut
1302 1751 1422 1794 novum

203 1879 208 1938 ν
255 1838 407 1919 quoddam
431 1838 678 1901 additamentum
707 1871 745 1884 -
769 1857 843 1900 nam
867 1837 926 1899 hoo
949 1839 1017 1901 solo
1040 1839 1133 1901 modo
1161 1857 1211 1900 res
1235 1839 1423 1920 explicanda

203 1943 207 1988 1
257 1950 389 2007 esset-
403 1949 539 2008 statuere
558 1951 590 2008 et
608 1945 779 2008 editionem
799 1944 954 2008 librorum
968 1944 1231 2008 Vitruvianorum
1250 1955 1314 2007 tam
1335 1963 1423 2007 serae

258 2054 342 2113 aetati
365 2052 505 2114 tribuere
528 2072 629 2135 cogar.

336 2226 380 2293 46)
400 2226 479 2279 Riese
499 2226 608 2295 „Geogn
627 2227 684 2280 Lat.
705 2229 787 2280 111111.ιι
806 2244 831 2294 p,
852 2227 905 2280 VH
924 2243 980 2295 sqq.
999 2227 1063 2280 XII.

338 2297 572 2365 47)*Kubitsohek.
601 2298 689 2351 Wien.
708 2299 783 2352 Stud.
802 2299 854 2351 VII
879 2317 906 2367 p.
926 2298 987 2352 292.
1023 2298 1133 2351 Partseh
1162 2298 1229 2363 „ute
1253 2296 1423 2366 Darsteilung

258 2366 365 2436 Europae
383 2370 421 2421 im
439 2385 527 2438 geogr.
543 2369 641 2423 Werke
656 2370 848 2439 (1111811111ιι
867 2388 892 2438 p.
909 2369 950 2422 12.
989 2370 1096 2438 Bmger,
1116 2370 1210 2423 Gesoh.
1226 2371 1251 2423 d.
1265 2368 1420 2423 wissensoh.

203 2503 205 2508 Δ
259 2437 389 2494 1111111111
408 2439 434 2495 b.
453 2441 478 2492 d.
498 2440 737 2497 (111111111111903
757 2459 781 2507 p.
802 2442 861 2494 134.
881 2458 907 2495 n.
929 2444 952 2493 1.

336 2511 381 2581 48)
401 2510 560 2564 Miillenhoff
577 2512 725 2577 „Hermes‘
745 2512 786 2566 IX
807 2530 830 2580 p.
851 2512 927 2565 186².

337 2582 380 2651 49)
400 2582 541 2636 Sohweder
560 2583 745 2651 „Philologustt
765 2583 799 2638 56
818 2584 910 2652 (1891)
930 2600 956 2650 p.
977 2583 1036 2639 160.
