3509 5292
770 505 982 567 -51-

291 702 354 745 mas
387 684 449 744 iam
484 689 554 765 post
588 682 769 745 incendium
801 682 956 745 Gallicum
992 684 1153 744 institutas
1188 700 1256 743 esse
1289 678 1461 742 verisimile

290 790 417 868 est3151)
454 799 538 852 certe
576 790 705 871 quidem
738 808 801 869 eae,
829 809 918 871 ¹quas
952 789 1119 851 Vitruvius
1153 792 1312 865 memorat,
1350 804 1461 847 omnes

291 894 433 958 Ciceroni
457 905 548 958 notae
571 897 723 970 fuere¹⁵2t

379 1020 467 1095 Quae
498 1021 667 1083 Vitruvius
700 1021 738 1083 de
769 1021 852 1083 iure
892 1039 1010 1101 aquae
1050 1018 1208 1093 significat
1239 1017 1332 1099 (VIII
1366 1019 1394 1095 6,
1427 1017 1460 1094 2)

289 1128 483 1190 accuratiore
512 1129 770 1210 interpretatione
800 1138 901 1209 egent.
949 1125 1033 1189 Dicit
1064 1128 1161 1189 enirn:
1197 1128 1289 1205 „item
1316 1123 1460 1186 emedio

289 1241 448 1316 ponentur
471 1233 595 1296 fistulae
617 1236 651 1295 in
676 1253 785 1296 omnes
815 1233 921 1296 lacus
951 1244 982 1295 et
1012 1234 1211 1310 salientes,
1241 1250 1283 1294 ex
1307 1232 1404 1292 altero
1427 1233 1460 1291 in

290 1340 473 1421 balineae,
494 1348 529 1403 ut
550 1342 713 1423 vectigal
734 1342 904 1422 quotannis
924 1342 1040 1422 populo
1060 1344 1227 1422 praestent,
1248 1356 1353 1421 exque
1368 1339 1460 1399 tertio

288 1448 320 1508 in
346 1448 457 1509 domos
480 1449 661 1530 privataS,
687 1466 726 1510 ne
751 1447 830 1509 desit
850 1449 881 1508 in
902 1446 1038 1529 publico.
1064 1466 1133 1507 non
1160 1447 1257 1507 enim
1280 1450 1462 1527 poterunt

290 1556 477 1635 avertero,
511 1574 582 1617 cum
608 1554 776 1616 habuerint
799 1574 817 1615 a
841 1554 1033 1635 capitibus
1056 1553 1228 1635 proprias
1252 1552 1460 1613 ductiones.

289 1662 365 1723 haec
388 1668 492 1722 autem
518 1680 616 1743 quare
640 1660 742 1722 divisa
765 1662 994 1737 constituerim,
1019 1679 1074 1723 eae
1102 1666 1177 1722 sunt
1205 1678 1318 1721 causae
1341 1663 1376 1720 et
1404 1656 1462 1740 [sic

289 1770 407 1850 optime
430 1766 556 1851 Rosius]
589 1769 632 1829 uti
660 1769 715 1851 qui
739 1769 892 1850 privatim,
910 1766 1028 1829 ducent
1058 1769 1089 1827 in
1120 1767 1229 1828 domos
1253 1763 1461 1847 vectigalibus

289 1880 471 1936 tueantur
501 1893 557 1956 per
586 1875 768 1957 publicanos
799 1894 956 1955 aquarum
987 1874 1129 1936 ductus.“
1176 1871 1267 1947 Quod
1292 1871 1462 1934 Vitruvius

290 1981 338 2043 his
363 1981 468 2043 verbis
498 1987 631 2043 testatur
660 2001 718 2042 suo
749 1988 888 2063 tempore
917 2000 1031 2062 aquam
1056 1981 1209 2063 tripartito
1233 1980 1358 2040 ductam
1383 1996 1461 2056 esse,

289 2088 328 2149 ad
360 2107 453 2149 usum
484 2088 645 2170 publicum
675 2090 705 2149 in
739 2106 849 2149 omnes
880 2088 968 2149 lacus
992 2093 1023 2149 et
1045 2088 1203 2165 salientes,
1216 2088 1270 2164 ¹⁵³)
1303 2085 1341 2147 ad
1366 2104 1460 2146 usum

289 2195 341 2255 vel
365 2194 526 2276 publicum
553 2195 602 2256 vel
635 2196 791 2276 privatum
823 2196 854 2255 in
882 2194 1031 2274 balineas,
1061 2194 1099 2256 ad
1124 2213 1216 2256 usum
1242 2194 1401 2275 privatum
1427 2193 1461 2251 in

290 2302 408 2381 domos,
434 2320 471 2363 ea
495 2305 611 2382 optime
635 2300 863 2362 confirmantur
887 2302 1065 2363 testimonio
1089 2299 1232 2362 Frontini
1256 2301 1298 2381 (2,
1319 2298 1387 2379 94);
1414 2318 1461 2360 se-

290 2409 402 2489 qnitur
434 2416 469 2469 ut
500 2406 702 2487 indicemus,
730 2408 815 2489 quod
848 2409 900 2470 ius
932 2407 1127 2470 ducendae
1158 2407 1390 2488 tuendaeque
1422 2406 1462 2467 sit

289 2534 405 2596 aquae:
433 2534 568 2598 quorum
589 2515 722 2577 alterum
741 2515 783 2577 ad
809 2513 1168 2577 cohibendosintra
1191 2514 1340 2575 modum
1363 2513 1462 2595 impe-

290 2623 362 2683 trati
388 2621 530 2684 beneficii
554 2623 737 2705 privatos,
761 2622 895 2684 alterum
920 2620 959 2683 ad
981 2623 1121 2703 ipsorum
1147 2621 1298 2684 ductuum
1327 2621 1463 2702 pertinet

288 2730 460 2790 tutelam.
520 2729 558 2790 ln
591 2729 707 2811 quibus
741 2728 816 2790 dum
851 2728 968 2790 altius
1000 2733 1106 2809 repeto
1139 2728 1224 2810 leges
1257 2725 1296 2789 de
1327 2726 1462 2807 singulis

289 2835 433 2916 perlatae,
467 2835 622 2916 quaedam
653 2835 735 2916 apud
761 2842 884 2897 veteres
915 2836 1006 2896 aliter
1031 2833 1197 2896 observata
1220 2834 1344 2896 inveni:
1378 2832 1462 2915 apud

290 2961 371 3022 quos
395 2943 498 3003 omnis
521 2961 604 3024 aqna
627 2943 665 3002 in
691 2961 777 3003 usos
801 2940 973 3023 publicos
1001 2941 1190 3014 erogabatur
1213 2947 1244 3003 et
1267 2942 1394 3002 cautum
1419 2940 1463 3001 ita

290 3048 363 3109 fuit:
389 3066 429 3109 ne
454 3049 525 3130 quis
549 3049 691 3131 privatus
716 3066 829 3131 aquam
855 3047 948 3109 aliam
973 3048 1067 3109 ducat
1091 3067 1186 3129 quam
1208 3066 1289 3129 quae
1313 3065 1354 3110 ex
1377 3046 1463 3108 lacu

290 3155 422 3216 humum
448 3154 561 3216 accidit
585 3153 675 3237 (haec
698 3156 783 3216 enim
806 3162 882 3216 sunt
907 3154 1002 3216 verba
1026 3155 1096 3217 cius
1120 3154 1210 3236 legis)
1241 3154 1274 3215 id
1308 3160 1355 3216 est
1379 3172 1462 3235 quae

291 3279 333 3323 ex
356 3262 427 3322 lacu
452 3260 637 3323 abundavit:
670 3279 740 3323 cam
764 3280 821 3323 nos
852 3262 1003 3323 caducam
1026 3280 1184 3323 vocamus.
1231 3259 1271 3321 Et
1295 3261 1373 3322 hacc
1394 3261 1464 3342 ipsa

290 3368 412 3429 nonin
437 3368 533 3430 alium
558 3387 652 3431 usum
677 3387 772 3450 quam
795 3368 828 3428 in
852 3368 1073 3430 balnearum
1105 3374 1135 3431 ct
1164 3366 1384 3430 fullonicarum
1409 3366 1462 3428 da-

291 3473 397 3536 batur:
423 3481 553 3556 cratque
572 3474 774 3556 vectigalis
794 3480 910 3537 statuta
928 3474 1082 3554 mercede,
1106 3476 1239 3557 quaein
1259 3474 1385 3556 publico
1405 3475 1463 3534 im-

381 3650 441 3710 151)
461 3649 589 3702 Karlowa.
627 3649 701 3703 Rom.
721 3648 906 3718 Rechtsgesch.
926 3648 996 3717 Hp.
1016 3650 1076 3703 514.

381 3737 443 3805 152)
461 3737 519 3791 iura
537 3737 728 3791 stillicidiorum
747 3738 875 3805 parietum
893 3737 1024 3790 luminum
1042 3738 1074 3791 de
1092 3754 1129 3790 or.
1148 3736 1163 3790 Ι
1181 3736 1298 3804 38,173.
1319 3738 1351 3789 de
1369 3737 1434 3805 legg.
1450 3736 1464 3791 Ι

290 3812 316 3875 4,
338 3811 380 3862 14.
418 3809 445 3861 H
464 3808 505 3871 19,
525 3811 567 3862 47.
604 3809 665 3876 Top.
681 3811 705 3867 5.
720 3808 763 3862 27.
782 3826 865 3876 aquae
885 3810 980 3863 ductus
998 3825 1044 3875 pro
1063 3808 1138 3863 Caco.
1157 3807 1201 3874 26,
1221 3810 1255 3860 74
1274 3808 1462 3863 ratiarnam.

290 3882 317 3933 in
336 3881 482 3933 Wissowae
500 3879 585 3932 lexico
604 3894 624 3932 s.
644 3896 669 3933 v.
688 3880 752 3933 Fest
770 3898 794 3947 p.
815 3882 867 3934 344
886 3882 921 3934 Μ.

382 3970 443 4036 153)
462 3969 494 4022 de
514 3969 552 4021 cis
566 3970 642 4021 docte
656 3968 707 4035 egit
721 3969 851 4021 Jordanus
864 3970 973 4037 Topogr.
988 3968 1016 4021 ΙΙ
1034 3986 1059 4036 p.
1072 3968 1108 4022 48
1121 3984 1182 4035 sqq3
1201 3968 1274 4021 lacus
1293 3972 1333 4020 est
1351 3967 1465 4035 „lacuna

291 4057 391 4108 magna,
421 4042 465 4093 ubi
493 4056 561 4107 aqua
587 4040 715 4092 contineri
743 4045 846 4107 potest‘
875 4041 970 4107 (Varro
988 4039 1005 4093 l.
1025 4040 1042 4093 l.
1062 4041 1086 4091 V
1104 4040 1147 4093 26,
1167 4041 1202 4095 ci.
1221 4039 1278 4093 LiV.
1298 4039 1340 4105 39,
1360 4040 1403 4101 44,
1423 4039 1463 4107 5);

291 4112 376 4164 onmis
389 4128 464 4178 aqua,
484 4127 551 4177 quae
566 4128 612 4180 per·
625 4111 803 4178 aquaeductus
817 4111 842 4162 in
857 4110 950 4163 urbam
965 4111 1122 4169 immittitur.
1142 4126 1210 4177 aqua
1223 4110 1319 4163 saliens
1330 4114 1376 4169 est,
1397 4126 1463 4176 quae

290 4184 319 4236 in
334 4182 438 4252 publico
457 4182 517 4233 salit
531 4183 629 4244 (Front.
642 4182 667 4248 2,
682 4183 740 4249 97);
759 4182 882 4234 salientes
896 4182 975 4250 igitur
990 4184 1085 4235 ductus
1099 4181 1246 4234 secundarii
1265 4184 1335 4245 sunt,
1354 4183 1398 4248 qui
1418 4196 1465 4248 per

290 4253 394 4307 fistulas
404 4256 431 4305 et
440 4252 515 4305 tubos
529 4269 624 4320 aquam
638 4253 665 4304 in
679 4253 754 4306 lacus
769 4253 915 4320 similiaque
929 4269 1008 4321 opera
1020 4254 1158 4305 effundunt
1172 4270 1195 4309 a.
1205 4269 1230 4319 q.
1240 4268 1261 4306 s.
1281 4254 1316 4308 cf.
1328 4252 1464 4307 Daremb:

290 4324 378 4394 Saglio
397 4323 413 4377 l.
432 4323 450 4378 l.
469 4339 490 4376 s.
509 4341 535 4377 v.
554 4325 637 4378 lacus

1429 4429 1461 4480 4*
