3509 5292
658 526 1030 606 ‘1-14-

333 720 444 781 omnia
468 720 532 782 sint
551 719 659 782 eadem
679 726 775 801 atque
793 739 839 799 ea,
863 739 944 802 quae
965 740 1022 782 nos
1042 722 1183 802 legimus,
1203 720 1264 783 alia
1284 727 1333 783 est
1352 722 1511 802 quaesti03

333 826 452 889 deinde
476 831 596 889 constat
619 845 692 889 eum
722 827 798 889 haec
828 846 890 888 non
920 828 1025 890 statim
1056 827 1199 907 edidisse,
1228 833 1442 906 „metuentem
1474 847 1512 890 ne

336 952 400 995 non
422 939 494 1015 apto
513 939 653 1015 tempore
671 933 876 1016 interpellans
894 933 1013 996 subiret
1031 935 1129 996 animi
1148 935 1347 1016 imperatoris
1366 934 1511 997 offensio·

336 1041 429 1102 nem“
454 1040 623 1102 editionem
646 1041 744 1120 igitur
765 1045 836 1122 post
859 1060 996 1123 pugnam
1021 1041 1182 1103 Actiacam
1205 1041 1318 1102 factam
1343 1060 1422 1103 esse.

428 1145 535 1227 Pergit
559 1145 740 1209 Vitruvius:
765 1166 856 1227 „cum
880 1165 956 1208 vero
984 1147 1177 1210 attenderem
1201 1153 1232 1209 te
1256 1167 1321 1211 non
1344 1148 1452 1210 solum
1475 1148 1512 1211 de

338 1255 402 1314 vita
436 1254 597 1315 communi
628 1254 770 1316 omnium
806 1254 1015 1335 publicaeque
1049 1255 1096 1316 rei
1130 1255 1356 1317 constitutione
1386 1254 1510 1333 habere,

333 1359 393 1422 scd
417 1360 511 1422 ctiam
536 1359 574 1421 de
598 1361 832 1442 opportunitate
859 1360 1059 1442 publicorum
1083 1359 1309 1438 aedificiorum,
1339 1368 1375 1423 ut
1399 1362 1510 1423 civitas

336 1484 395 1548 per
409 1473 439 1528 te
453 1485 515 1528 non
532 1466 634 1529 solum
650 1466 822 1548 provinciis
842 1475 925 1529 esset
944 1476 1043 1546 aucta,
1058 1485 1170 1529 verum
1189 1468 1293 1549 etiam,
1309 1474 1344 1529 ut
1363 1469 1510 1531 maiestas

336 1573 463 1655 imperii
493 1572 692 1655 publicorum
724 1572 938 1636 aedificiorum
971 1575 1113 1655 egregias
1142 1573 1270 1636 haberet
1300 1576 1510 1654 auctoritates

337 1698 402 1741 non
427 1681 536 1761 putavi
559 1680 882 1761 praetermittendum,
913 1682 990 1761 quin
1022 1681 1123 1762 primo
1155 1699 1283 1763 quoquc
1306 1688 1450 1763 ternpore
1474 1681 1511 1744 de

337 1786 387 1849 his
410 1785 506 1849 rebus
529 1805 565 1848 ea
589 1786 646 1848 tibi
674 1787 826 1849 ederem.“
876 1786 971 1849 Nunc
999 1788 1098 1869 igitur
1126 1787 1165 1849 de
1193 1794 1333 1869 tempore
1362 1787 1510 1851 editionis

337 1891 491 1955 librorum
523 1893 690 1970 docemur3
721 1893 829 1955 laudat
851 1892 1018 1955 ¹Vitruvius
1048 1912 1157 1957 curam
1187 1901 1218 1957 et
1247 1913 1384 1976 operam,
1416 1915 1510 1977 quam

337 2001 504 2080 Augustus
527 1999 718 2082 impenderit
740 2000 775 2061 in
798 2001 924 2082 egregia
953 1999 1094 2062 aedificia
1120 2000 1207 2062 urbis
1231 2001 1393 2063 ornandae
1416 2021 1510 2065 causa

333 2105 538 2187 exstruenda,
569 2125 651 2187 quae
681 2107 875 2170 maiestatem
905 2107 1029 2188 imperii
1061 2106 1313 2170 demonstrarent
1343 2107 1393 2185 (cl.
1425 2107 1509 2171 Suet.

338 2215 421 2294 Aug.
446 2213 516 2288 29);
550 2213 634 2295 quod
666 2212 881 2295 provinciis
911 2214 1107 2296 imperium
1142 2220 1291 2276 auctum
1320 2233 1402 2277 esse
1426 2213 1509 2295 dicit,

332 2321 475 2401 cogitare
517 2319 624 2382 licebit
665 2320 821 2402 imprimis
863 2320 902 2383 de
941 2324 1116 2403 Aegypto
1158 2326 1252 2395 (anuo
1284 2341 1310 2382 a.
1344 2320 1414 2383 Chr.
1449 2322 1509 2401 30).

338 2424 480 2487 Moesia
520 2426 597 2506 (29),
639 2424 762 2509 Cypro
801 2425 885 2507 (27),
925 2426 1086 2507 Galatia,
1126 2426 1350 2510 Pamphylia
1397 2428 1508 2509 (25).)

334 2530 466 2595 Certum
491 2551 566 2596 vcro
590 2539 723 2615 tempus,
748 2553 812 2615 quo
830 2532 929 2596 libros
949 2533 1089 2615 ediderit,
1114 2553 1155 2596 ex
1175 2534 1224 2596 his
1244 2533 1347 2596 verbis
1366 2535 1509 2597 conicere

336 2658 399 2700 non
424 2658 601 2722 possumus,
633 2641 708 2722 quia
738 2660 802 2702 non
832 2660 899 2703 rem
932 2639 1089 2723 quandam
1121 2640 1258 2704 nobilem
1288 2640 1444 2723 significet
1476 2644 1509 2703 ut

332 2752 430 2807 antea
453 2747 618 2809 victoriam
642 2748 718 2809 anni
738 2749 778 2809 31
800 2753 830 2810 et
853 2748 1050 2831 triumphum
1070 2749 1146 2811 anni
1166 2749 1216 2811 29.
1255 2747 1316 2810 Sed
1335 2766 1407 2810 cum
1427 2748 1509 2810 dicat

333 2854 458 2934 „primo
482 2872 610 2935 quoque
634 2859 773 2936 ternpore
797 2906 803 2917 .
828 2904 835 2917 .
859 2904 865 2917 .
891 2905 897 2918 .
922 2855 1064 2918 adcreui‘
1092 2857 1231 2918 statuere
1253 2854 1361 2917 licebit
1384 2854 1509 2917 Vitru-

336 2961 440 3021 vium
461 2960 627 3024 edendos
645 2959 766 3024 libros
785 2980 939 3024 curasse
954 2981 1063 3044 quam
1082 2963 1242 3044 primum
1260 2961 1350 3024 fieri
1368 2966 1507 3043 posset.

427 3084 489 3147 Sed
517 3085 691 3167 videamuS,
723 3086 800 3167 quid
831 3105 924 3170 porro
954 3086 1117 3149 Vitruvius
1147 3087 1179 3147 in
1209 3086 1404 3169 praefatione
1434 3085 1505 3149 libri

334 3193 430 3275 primi
454 3192 581 3253 devita
605 3211 663 3254 sua
688 3200 718 3255 et
741 3192 830 3255 libris
853 3199 977 3255 narret:
1003 3193 1096 3272 „ideo
1116 3193 1201 3275 quod
1225 3193 1363 3275 primum
1388 3194 1508 3276 parenti

334 3303 391 3361 tuo
420 3298 459 3360 de
489 3297 671 3360 colueram
694 3307 789 3361 notus
813 3306 843 3361 et
867 3300 937 3362 eius
961 3301 1085 3362 virtutis
1108 3299 1277 3362 studiosus.
1302 3319 1375 3362 curn
1400 3306 1504 3363 autem

332 3405 507 3467 concilium
531 3404 713 3467 caelestium
737 3406 772 3467 in
796 3405 925 3467 sedibus
944 3404 1187 3468 immortalitatis
1209 3424 1280 3467 eum
1301 3404 1508 3469 dedicavisset

337 3519 371 3574 et
400 3512 568 3594 imperium
599 3513 738 3594 parentis
767 3513 801 3573 in
831 3518 919 3575 tuam
950 3517 1134 3595 potestatem
1165 3512 1388 3592 transtulisset,
1423 3511 1507 3575 idem

332 3618 478 3681 studium
503 3637 608 3681 meum
639 3620 672 3679 in
697 3620 765 3682 eius
789 3620 941 3681 memoria
963 3637 1151 3702 permanens
1180 3619 1212 3679 in
1244 3627 1274 3681 te
1304 3620 1438 3681 contulit
1460 3618 1475 3681 f
1494 3654 1507 3665 ·

335 3726 473 3787 vorem.“
525 3724 681 3805 „Pa1·ens“
705 3732 752 3787 est
777 3723 919 3806 Caesar,
944 3727 995 3787 cui
1021 3724 1187 3788 Vitruvius
1218 3745 1252 3788 se
1275 3728 1386 3787 notum
1410 3726 1507 3790 luisse

334 3842 373 3894 ut
396 3832 599 3894 architectum
624 3832 714 3908 dicit;
745 3868 786 3876 --
815 3851 889 3893 nam
913 3832 940 3894 is
963 3832 1088 3895 videtur
1111 3851 1223 3895 sensus
1247 3850 1315 3895 esse
1338 3830 1506 3895 verborum

332 3940 404 4001 eius
434 3937 528 4020 paulo
559 3938 777 4001 obscuriorum
816 3939 873 4019 „de
903 3940 994 4016 coti)
1026 3975 1077 4002 -.
1137 3936 1249 4001 Caesar
1284 3946 1388 4000 autem
1422 3958 1505 4001 anno

425 4112 451 4176 6)
470 4112 630 4180 mrquaru,
658 4112 733 4165 mm.
753 4113 922 4167 stramem.
942 4112 1015 4181 1²1).
1035 4113 1086 4168 301
1107 4129 1145 4180 sq.
1173 4112 1292 4181 (Moesia)
1311 4112 1364 4166 aaa
1382 4074 1504 4180 (aarum

332 4184 388 4237 375
408 4182 583 4251 (Pamphylia)
604 4183 656 4238 390
674 4199 712 4251 sq.
733 4182 859 4253 (Cyprus)
877 4184 931 4238 438
950 4186 1116 4254 (Aegyptus).

426 4273 451 4337 7)
471 4272 504 4325 ci,
518 4272 618 4341 Meyer,
647 4273 740 4326 Gesch.
756 4273 804 4326 der
817 4273 928 4325 Botanik
948 4292 971 4340 p.
987 4273 1052 4338 3903
1080 4280 1169 4325 tamen
1188 4275 1260 4326 recte
1279 4273 1388 4325 fortasse
1402 4272 1504 4326 Hirtius

332 4342 447 4396 coniecit
471 4358 532 4395 eum
557 4344 609 4396 iam
631 4344 681 4397 sub
700 4344 811 4399 Caesare
837 4344 968 4412 stipendia
992 4344 1132 4410 memisse,
1157 4360 1209 4397 non
1233 4344 1304 4395 enim
1322 4343 1420 4409 dubito,
1441 4344 1505 4411 quin
