3509 5292
806 501 1015 561 „58-

251 700 254 707 ·
327 678 468 758 aliorum,
503 679 557 760 qui
588 684 660 759 post
691 678 762 739 illos
796 679 958 758 scripsere,
992 677 1117 739 iudiciis
1149 677 1358 758 redarguitur.
1410 672 1495 748 Quam

327 786 410 847 enim
438 784 604 847 Vitruvius
636 784 674 847 de
706 784 928 846 communibus
960 783 1132 866 parietibus
1166 786 1228 863 §8
1262 784 1339 846 dicit
1369 800 1434 843 non
1457 781 1493 842 ad

326 898 486 972 testaceos,
511 891 567 954 sed
591 890 631 952 ad
654 892 874 954 caementicios
896 893 1040 973 parietes,
1065 901 1235 973 questum
1260 892 1293 951 iu
1317 909 1380 952 usu
1399 888 1495 950 fuisse

327 1018 368 1061 ex
399 1004 463 1060 toto
496 1018 599 1060 rerum
633 1003 784 1060 contextu
818 1006 947 1080 apparet
979 998 1024 1070 (ef.
1053 1017 1082 1079 p.
1106 997 1168 1077 60),
1202 998 1369 1080 pertinent
1403 1002 1495 1076 atque

325 1105 499 1168 rectissime
519 1104 774 1186 Degeringius
794 1104 831 1165 ad
853 1104 1099 1167 verbaVitruvii
1123 1104 1162 1166 de
1185 1110 1344 1167 structura
1363 1108 1494 1164 testacea

325 1213 408 1274 facta
431 1212 463 1291 (ξ
489 1214 527 1273 17
553 1213 601 1293 sq)
631 1212 707 1273 haec
737 1211 935 1291 adnotat¹⁸⁷):
983 1210 1097 1273 Vitruv
1128 1210 1318 1272 beschranlrt
1343 1209 1394 1271 die
1419 1207 1495 1269 Ver·

326 1318 485 1400 wenduug
515 1319 570 1380 der
599 1324 758 1380 structura
788 1325 923 1380 testacea
953 1318 1010 1378 auf
1030 1317 1145 1380 Pleiler
1170 1316 1237 1379 und
1261 1318 1353 1379 einen
1380 1315 1494 1377 obereu

324 1425 520 1488 Sehutzrand
544 1425 598 1487 fiir
622 1424 925 1506 lauftziegelmauern
951 1423 1233 1507 [§18],wtihrend
1258 1442 1292 1486 er
1315 1422 1377 1485 den
1397 1422 1495 1484 Bac-lr-

323 1532 617 1595 steinmauerbau
641 1552 708 1619 nur
726 1533 782 1592 mit
804 1532 1012 1613 vorsiehtiger
1034 1530 1172 1594 Reserve
1197 1529 1365 1612 empfielrlt.
1414 1528 1495 1590 Dicit

326 1640 411 1701 enim
422 1638 590 1701 Vitruvius
608 1638 686 1700 nihil
705 1638 789 1699 aliud
810 1639 872 1700 nisi
892 1639 980 1699 haee:
1006 1639 1130 1719 „itaque
1146 1638 1218 1720 pilis
1234 1637 1375 1718 lapideis,
1396 1642 1494 1698 struc-

325 1747 406 1808 turis
418 1746 569 1825 testaceis,
580 1744 753 1827 parietibus
763 1746 975 1807 caementiciis
985 1745 1167 1807 altitudines
1182 1793 1188 1805 .
1204 1794 1210 1805 .
1226 1794 1232 1805 .
1250 1793 1255 1805 .
1271 1749 1472 1805 exstructae.
1488 1793 1494 1804 .

325 1852 365 1913 ad
390 1871 545 1913 summam
577 1852 743 1915 utilitatem
766 1850 936 1933 perficiunt
959 1852 1211 1933 dispertitiones‘
1243 1852 1280 1931 (p.
1307 1851 1357 1927 52,
1382 1850 1423 1910 22
1448 1850 1495 1929 sql

326 1960 354 2021 11.
375 1978 399 2021 e.
419 1960 473 2021 tali
493 1958 586 2021 modo
607 1960 633 2020 si
653 1957 795 2021 aedificia
815 1958 1023 2039 complurium
1043 1958 1266 2019 cenaculorum
1291 1956 1495 2034 exstruxeris

326 2065 521 2128 uberrimum
540 2066 614 2128 inde
632 2065 770 2127 fructum
790 2067 902 2147 capias,
958 2063 1017 2126 Sed
1037 2065 1117 2126 hano
1135 2062 1323 2125 aedificandi
1341 2064 1495 2124 rationem

325 2174 386 2234 iam
417 2171 470 2234 ille
502 2180 640 2254 tempore
669 2172 885 2254 pervulgatam
917 2172 1014 2234 fuisse
1044 2190 1203 2253 perperam
1230 2170 1359 2252 colligas
1383 2188 1425 2231 ex
1448 2169 1496 2229 his

325 2279 438 2342 verbis.
485 2278 557 2341 Huc
581 2279 642 2340 alia
666 2279 832 2354 accedunt3
865 2278 940 2340 dicit
968 2280 1052 2340 enim
1077 2278 1158 2339 idem
1184 2297 1213 2340 v.
1238 2277 1265 2338 d.
1290 2275 1493 2359 Degering:

325 2385 373 2448 Im
397 2386 576 2448 romischen
593 2384 805 2466 Ziegelwerle
825 2385 948 2447 kommt
966 2405 1024 2447 vor
1043 2385 1098 2447 der·
1113 2386 1142 2446 2.
1152 2383 1259 2446 Halfte
1279 2384 1334 2445 des
1351 2382 1494 2445 LJahrh.

323 2513 355 2554 n.
381 2491 449 2554 Chr.
475 2491 707 2572 Mauerziegel
740 2492 829 2553 nieht
861 2511 918 2553 vor
937 2543 943 2555 .
964 2542 970 2552 .
990 2541 1023 2552 ..
1058 2510 1106 2553 wo
1139 2511 1212 2551 man
1244 2488 1406 2552 Retilrulat
1439 2490 1496 2549 mit

324 2598 602 2682 Ziegelpfeilern
627 2598 753 2675 autrifft.
785 2601 844 2660 wie
868 2619 892 2660 z.
920 2598 952 2662 B.
976 2598 1077 2660 neben
1110 2598 1165 2659 der
1189 2617 1271 2658 nova
1294 2598 1353 2675 via,
1383 2598 1416 2657 in
1442 2595 1496 2658 der

323 2724 391 2786 sog.
416 2706 528 2768 domus
549 2704 715 2768 Gelotiana
738 2705 804 2767 und
828 2706 898 2767 dem
924 2705 1040 2767 oberen
1059 2704 1143 2767 Teile
1167 2705 1222 2766 der
1245 2704 1358 2766 domus
1378 2701 1495 2781 Liviae,

323 2812 364 2873 da
383 2812 466 2873 kann
489 2833 559 2874 man
580 2813 680 2874 dieses
691 2811 883 2894 Ziegelwerk
903 2812 1063 2873 bestimmt
1081 2812 1169 2872 nicht
1188 2810 1265 2872 tiber
1284 2811 1335 2871 die
1352 2808 1495 2871 aliaue

323 2919 381 2981 des
407 2922 433 2981 1.
457 2918 565 2981 Jahrh.
591 2918 644 3001 [se.
668 2940 693 2982 a.
719 2916 800 3003 0111.)
825 2918 1054 2980 heraufriicken
1076 2968 1082 2979 .
1107 2968 1113 2980 .
1138 2967 1144 2979 .
1169 2919 1224 2980 der
1242 2915 1493 2998 Dreieeksziegel

326 3028 367 3088 ist
389 3026 485 3088 lraum
514 3026 622 3088 friilrer
644 3027 690 3087 als
714 3026 769 3088 das
793 3029 820 3087 2.
844 3025 953 3088 Jahrh.
977 3062 1021 3071 —
1044 3025 1092 3086 lm
1117 3023 1245 3086 Grollen
1276 3024 1342 3085 und
1368 3022 1492 3085 Ganzen

324 3135 367 3195 ist
390 3134 444 3194 das
476 3132 630 3195 romische
654 3132 955 3213 Ziegelmauerwerlr
984 3133 1097 3193 immer
1126 3131 1209 3192 beim
1234 3129 1495 3212 Ziegelgusswerk

322 3240 498 3322 gehlieben.
545 3239 693 3301 Laterum
727 3258 855 3320 quoque
886 3242 968 3300 notis
999 3241 1204 3320 signatorum,
1235 3239 1288 3319 qui
1315 3236 1434 3299 Romae
1465 3243 1496 3298 et

325 3347 407 3408 circa
429 3346 559 3408 Romam
593 3347 715 3407 inventi
747 3353 828 3423 sunt,
861 3347 1044 3427 paucissimi
1076 3353 1197 3407 tantum
1231 3346 1419 3406 vetustiores
1451 3346 1496 3404 vi-

324 3454 442 3515 dentur
465 3472 533 3515 esse
557 3452 681 3515 saeculo
705 3473 732 3534 p.
758 3450 826 3515 Chr.
850 3454 1015 3534 prim0.¹⁸⁸)

415 3557 519 3633 Quare
538 3567 641 3621 statuo
653 3558 792 3621 Vitruvii
811 3558 1005 3640 temporibus
1019 3559 1153 3639 parietes
1164 3558 1289 3619 aedium
1300 3559 1494 3639 privatarum

324 3686 388 3729 non
414 3686 430 3729 e
454 3667 639 3729 lateribus
663 3668 780 3728 coctis
805 3673 982 3727 exstructos
1005 3684 1075 3727 esse
1105 3672 1198 3727 etue
1222 3666 1265 3725 ita
1290 3664 1428 3745 quidem,
1461 3671 1495 3726 ut

325 3773 446 3835 fertura
478 3774 680 3835 caementieia
713 3780 869 3834 structura
907 3777 1040 3834 testacea
1076 3772 1290 3849 induceretur,
1310 3772 1360 3850 189)
1393 3770 1449 3833 sed
1478 3790 1495 3833 e

415 3949 476 4016 187)
496 3948 589 4001 Rheiu.
609 3947 676 3999 Mus
698 3946 773 4000 1902.
794 3963 818 4013 p.
839 3948 873 3999 34
892 3963 931 4015 sq.

415 4020 477 4077 188)
497 4020 518 4073 C
545 4019 567 4070 l.
586 4018 614 4070 L.
634 4018 687 4070 XV
703 4019 726 4070 1.
747 4017 806 4072 824.
826 4016 887 4070 840.
907 4018 967 4071 886.
989 4017 1057 4071 1322
1076 4034 1131 4085 sqq.
1153 4018 1233 4084 prael.
1254 4034 1277 4083 p.
1297 4015 1322 4072 9.

415 4091 475 4159 189)
495 4090 630 4142 Bl'unmer.
650 4089 691 4141 Ill
711 4106 734 4156 p.
756 4089 819 4142 149:
845 4106 866 4139 z.
888 4090 914 4141 Z.
934 4089 1055 4143 Vitruv‘s
1079 4105 1167 4140 waren
1193 4088 1235 4140 die
1263 4089 1373 4139 meisten
1392 4088 1494 4140 Privat—

324 4162 422 4214 hauser
446 4162 473 4212 in
492 4162 557 4213 Rom
584 4177 612 4213 so
638 4160 797 4229 hergestellt,
827 4161 877 4211 uass
902 4161 944 4211 die
962 4160 1135 4212 Bruehsteine
1161 4161 1210 4210 mit
1227 4159 1494 4211 Backsteinlutter-

325 4249 434 4285 mauem
459 4232 587 4285 uersehen
612 4233 666 4284 und
693 4232 741 4283 mit
758 4231 984 4283 Hausteinkauteu
1012 4229 1440 4298 angelomum-onwan118,
1461 4231 1493 4282 17

324 4321 350 4371 p.
369 4303 412 4371 52,
431 4303 486 4370 23.)
