3509 5292
778 540 1005 601 -63-‘

295 735 401 798 neque
424 736 512 778 nunc
535 724 766 795 commemoret,
790 716 864 778 inde
888 717 958 779 iure
980 716 1109 798 colligas
1132 717 1186 779 illa
1204 716 1322 779 Romae
1340 736 1467 799 perrara

282 822 459 904 .fuisse.2⁰³)
505 823 617 905 Neque
640 842 715 886 vero
747 825 876 885 omnino
907 843 993 884 nunc
1019 824 1049 903 (ξ
1076 825 1115 885 111
1139 829 1209 906 sqq)
1237 824 1406 886 Vitruvius
1430 824 1470 885 de

295 931 511 992 monumentis
530 930 666 1012 publicis
687 929 782 992 verba
801 930 884 1009 facit,
903 928 959 992 sed
978 930 1017 992 de
1035 929 1186 992 aedificiis
1207 932 1347 1012 privatis,
1370 932 1470 993 immo

294 1036 333 1097 de
357 1037 470 1098 insulis
502 1038 641 1119 exponit,
672 1036 829 1119 quomodo
859 1035 1071 1099 exstruendae
1101 1038 1172 1099 sint.
1219 1035 1280 1099 Sed
1305 1057 1372 1099 eam
1400 1056 1466 1098 rem

293 1144 439 1224 proximo
463 1145 557 1225 capiti
581 1143 779 1206 tribuendam
804 1162 871 1205 esse
895 1162 1014 1205 censeo,
1061 1142 1148 1205 Nilril
1172 1145 1269 1224 igitur
1291 1147 1386 1206 restat
1404 1144 1467 1205 nisi

294 1258 329 1310 ut
353 1250 514 1331 paneade
538 1249 656 1312 ultimis
680 1250 882 1331 paragraphis
905 1251 1015 1331 capitis
1038 1248 1167 1312 alterius
1192 1250 1301 1312 dicam.

383 1356 510 1435 Eiteia,
535 1357 658 1438 quae§
686 1358 725 1418 ts
757 1356 800 1418 de
832 1376 901 1419 usu
932 1362 1148 1418 structurae
1171 1362 1361 1419 testaceae
1384 1376 1465 1419 curn

293 1464 470 1525 latericia
507 1465 734 1525 coniunctae
770 1465 931 1546 praecipit,
977 1465 1091 1525 iterum
1129 1464 1342 1545 intellegimus
1385 1483 1468 1544 eum,

293 1570 347 1632 ubi
366 1570 433 1632 11611
453 1577 563 1652 potest,
586 1571 624 1632 de
643 1576 802 1632 structura
821 1572 961 1633 latericia
980 1572 1111 1633 minime
1134 1570 1240 1633 recedi
1264 1569 1345 1632 velle
1369 1578 1465 1652 atque

292 1682 446 1739 testaceae
477 1697 579 1758 usum,
613 1679 664 1739 cui
696 1678 837 1739 nondum
865 1677 961 1740 fidem
985 1677 1086 1757 habet,
1120 1677 1275 1758 cohibere,
1309 1683 1464 1760 quantum

292 1782 362 1845 fieri
378 1790 487 1865 potest.
519 1783 669 1847 Conferas
684 1785 781 1847 velim
798 1786 857 1846 hoc
874 1804 1011 1868 quoque,
1032 1785 1118 1867 quod
1138 1785 1199 1845 alio
1218 1784 1286 1846 loco
1306 1784 1404 1866 (V18,
1424 1785 1467 1865 9),

294 1890 348 1951 ubi
379 1891 455 1953 dicit
484 1893 517 1952 in
548 1892 668 1953 domini
693 1910 761 1953 esse
791 1896 952 1973 potestate,
985 1892 1071 1974 quali
1100 1896 1259 1954 structura
1282 1891 1357 1953 velit
1380 1891 1464 1953 aedi-

291 1996 386 2059 ficare
410 1997 451 2079 (p.
474 2000 545 2078 154,
572 2000 611 2061 10
635 2000 708 2081 sqq)
733 2004 922 2061 structuram
947 2004 1112 2060 testaceam
1138 1999 1268 2060 omnino
1292 2018 1355 2060 non
1381 2017 1465 2059 com·

293 2109 452 2165 memorat.
501 2102 625 2178 Quibus
650 2105 797 2167 omnibus
820 2103 1031 2185 confirmatur,
1063 2105 1148 2187 quod
1172 2124 1267 2187 supra
1290 2106 1466 2187 posuimuS,

292 2212 332 2292 (p.
354 2212 409 2297 5⁸7)
433 2209 518 2273 illius
537 2215 636 2272 aetate
661 2218 849 2273 structuram
872 2218 1041 2273 testaceam
1061 2212 1204 2273 nondum
1225 2212 1256 2273 in
1279 2231 1340 2274 usu
1359 2212 1464 2274 fuisse,

380 2316 419 2378 In
443 2337 488 2395 ec,
514 2318 598 2399 quod
624 2319 641 2397 ἓ
669 2319 707 2380 19
735 2318 901 2380 Vitruvius
924 2318 1078 2400 praecipit
1101 2318 1140 2380 de
1170 2323 1267 2381 testa
1296 2320 1334 2379 in
1366 2323 1465 2380 tecto

292 2424 538 2501 conlocanda,
576 2424 773 2487 offenderunt
802 2425 880 2487 olim
910 2424 1057 2487 nonnulli
1086 2425 1187 2487 veluti
1220 2424 1398 2487 Schultaius
1433 2432 1464 2487 et

294 2530 470 2612 Ussingius.
526 2531 732 2615 Praeceptum
770 2538 875 2595 autem
913 2531 991 2594 illud
1030 2552 1223 2614 quamquam
1264 2533 1379 2594 mirum
1418 2537 1465 2593 est

290 2642 396 2699 tamen
421 2639 497 2700 satis
521 2639 599 2700 mihi
623 2639 750 2702 videtur
774 2640 947 2723 explicasse
970 2638 1247 2721 Degeringitrs,²⁰⁴)
1277 2657 1375 2720 quare
1399 2658 1463 2701 non

291 2744 453 2825 habemus,
478 2764 535 2807 cur
559 2746 597 2807 de
621 2746 760 2808 Vitruvii
786 2748 972 2809 auctoritate
996 2746 1186 2808 dubitemus.

380 2850 550 2913 Parietes
574 2853 754 2914 craticius
767 2852 817 2932 ²⁰⁵)
841 2853 871 2932 (ξ
882 2852 933 2932 20)
958 2852 1124 2915 Vitruvius
1143 2871 1208 2913 nou
1227 2852 1373 2913 inventos
1392 2870 1462 2914 6666

290 2958 384 3039 cupit,
417 2958 500 3038 quod
530 2959 569 3018 ad
600 2959 781 3020 incendium
815 2960 859 3019 uti
890 2959 973 3021 faces
1003 2960 1103 3039 parati
1127 2959 1199 3020 sint.
1245 2958 1362 3020 Tamen
1387 2960 1462 3020 satis

290 3063 439 3125 videntur
461 3064 515 3125 illo
539 3069 680 3147 tempore
708 3066 887 3147 pervulgati
911 3064 1008 3127 fuisse
1031 3064 1158 3145 Romae,
1188 3085 1261 3149 cum
1286 3083 1392 3127 carere
1416 3066 1464 3126 eis

292 3189 355 3232 non
386 3178 522 3252 possent,
553 3172 580 3232 si
610 3172 744 3233 summis
774 3170 933 3233 cenaculis
963 3172 1174 3254 intergerivos
1199 3172 1314 3235 ducere
1338 3171 1463 3249 vellent,

290 3284 386 3360 atque
404 3276 554 3339 facillime
570 3284 601 3339 et
617 3278 779 3340 celerrime
798 3284 962 3341 exstruere
982 3297 1034 3341 eos
1053 3279 1170 3341 liceret.
1205 3277 1349 3341 Ceterum
1370 3278 1462 3339 dnbi-

291 3387 349 3447 tari
364 3404 427 3446 non
445 3389 555 3466 potest,
576 3385 655 3466 quin
672 3385 745 3447 inde
760 3405 778 3446 a
798 3386 816 3466 §
833 3386 873 3448 16
890 3383 992 3468 usque
1007 3386 1045 3447 ad
1059 3384 1156 3449 finem
1172 3387 1282 3467 capitis
1292 3385 1463 3447 Vitruvius

289 3493 356 3572 ipse
379 3496 529 3572 expertus
553 3491 710 3573 loquatur,
733 3511 797 3554 non
820 3492 923 3553 fontes
947 3493 1101 3574 quosdam
1124 3498 1259 3554 secutus

377 3597 429 3659 Ad
448 3597 543 3659 finem
562 3599 693 3681 perveni
711 3599 806 3661 huius
824 3599 936 3682 capitis
958 3598 1127 3660 admodum
1146 3598 1251 3680 ampli,
1275 3617 1338 3681 quo
1357 3604 1461 3661 totum

288 3705 354 3766 fere
373 3723 452 3786 opus
471 3703 695 3766 Vitruvianum
719 3723 909 3787 percenseas
933 3706 1038 3767 omnia
1062 3705 1226 3787 complecti
1250 3705 1358 3767 studui
1379 3723 1462 3786 quae

288 3812 546 3894 interpretatione
570 3829 661 3892 egere
685 3812 762 3873 milri
787 3811 985 3889 videbantur,
1016 3821 1052 3874 ut
1074 3831 1304 3895 cognoscerem,
1334 3832 1372 3873 an
1398 3813 1460 3874 iam

289 3925 362 3981 ante
381 3938 499 3980 annum
521 3919 559 3980 31
586 3919 700 3999 scripta
720 3937 788 3981 6666
806 3926 940 4001 possent.
987 3918 1085 4000 Spero
1109 3927 1204 4001 atque
1223 3919 1347 3981 confido
1367 3939 1460 4000 argu·

290 4028 480 4087 mentatione
500 4044 569 4087 mea
587 4024 754 4106 probatum
773 4044 841 4088 esse
860 4035 890 4088 et
909 4027 1065 4089 indecem
1087 4025 1126 4089 de
1144 4028 1352 4089 architectura
1371 4025 1460 4088 libris

376 4198 439 4265 203)
460 4199 688 4267 cilcrdanlp.
709 4201 786 4253 1411.
806 4202 831 4256 4.

376 4269 438 4335 204)
458 4269 476 4322 l.
495 4268 512 4325 l.
532 4288 556 4337 p.
576 4272 611 4323 34
629 4286 685 4340 sqq.
723 4273 756 4323 cf.
776 4270 912 4324 Bliirnner.
950 4271 966 4325 l.
986 4271 1003 4328 1,
1022 4271 1049 4324 ll
1067 4289 1093 4339 p.
1112 4271 1155 4326 20.
1175 4290 1200 4328 n.
1219 4272 1243 4325 2.

376 4340 648 4407 2061616111161.
685 4341 728 4395 ΠΙ
744 4357 769 4409 p.
790 4343 839 4396 151
860 4358 898 4409 sq.
